%YAML 1.1
%TAG !u! tag:unity3d.com,2011:
--- !u!1 &1271823200623948239
GameObject:
  m_ObjectHideFlags: 0
  m_CorrespondingSourceObject: {fileID: 0}
  m_PrefabInstance: {fileID: 0}
  m_PrefabAsset: {fileID: 0}
  serializedVersion: 6
  m_Component:
  - component: {fileID: 5265988615450955587}
  - component: {fileID: 607646369894899109}
  m_Layer: 0
  m_Name: FinishLine
  m_TagString: Untagged
  m_Icon: {fileID: 0}
  m_NavMeshLayer: 0
  m_StaticEditorFlags: 0
  m_IsActive: 1
--- !u!4 &5265988615450955587
Transform:
  m_ObjectHideFlags: 0
  m_CorrespondingSourceObject: {fileID: 0}
  m_PrefabInstance: {fileID: 0}
  m_PrefabAsset: {fileID: 0}
  m_GameObject: {fileID: 1271823200623948239}
  m_LocalRotation: {x: -0, y: -0, z: -0, w: 1}
  m_LocalPosition: {x: 0, y: 0, z: 0}
  m_LocalScale: {x: 1, y: 1, z: 1}
  m_Children:
  - {fileID: 5286898190492425893}
  - {fileID: 8029338060134489870}
  m_Father: {fileID: 0}
  m_RootOrder: 0
  m_LocalEulerAnglesHint: {x: 0, y: 0, z: 0}
--- !u!114 &607646369894899109
MonoBehaviour:
  m_ObjectHideFlags: 0
  m_CorrespondingSourceObject: {fileID: 0}
  m_PrefabInstance: {fileID: 0}
  m_PrefabAsset: {fileID: 0}
  m_GameObject: {fileID: 1271823200623948239}
  m_Enabled: 1
  m_EditorHideFlags: 0
  m_Script: {fileID: 11500000, guid: 2575c5bd4f5115c428efc60c936a2bcf, type: 3}
  m_Name: 
  m_EditorClassIdentifier: 
  type: 4
--- !u!1001 &5282804919904528225
PrefabInstance:
  m_ObjectHideFlags: 0
  serializedVersion: 2
  m_Modification:
    m_TransformParent: {fileID: 5265988615450955587}
    m_Modifications:
    - target: {fileID: 1640771308685042, guid: 6b10c51d6aa0982448b3d54881ecab3f, type: 3}
      propertyPath: m_Name
      value: Water 02
      objectReference: {fileID: 0}
    - target: {fileID: 4115408997890500, guid: 6b10c51d6aa0982448b3d54881ecab3f, type: 3}
      propertyPath: m_RootOrder
      value: 0
      objectReference: {fileID: 0}
    - target: {fileID: 4115408997890500, guid: 6b10c51d6aa0982448b3d54881ecab3f, type: 3}
      propertyPath: m_LocalPosition.x
      value: -0
      objectReference: {fileID: 0}
    - target: {fileID: 4115408997890500, guid: 6b10c51d6aa0982448b3d54881ecab3f, type: 3}
      propertyPath: m_LocalPosition.y
      value: 1
      objectReference: {fileID: 0}
    - target: {fileID: 4115408997890500, guid: 6b10c51d6aa0982448b3d54881ecab3f, type: 3}
      propertyPath: m_LocalPosition.z
      value: 0
      objectReference: {fileID: 0}
    - target: {fileID: 4115408997890500, guid: 6b10c51d6aa0982448b3d54881ecab3f, type: 3}
      propertyPath: m_LocalRotation.w
      value: 1
      objectReference: {fileID: 0}
    - target: {fileID: 4115408997890500, guid: 6b10c51d6aa0982448b3d54881ecab3f, type: 3}
      propertyPath: m_LocalRotation.x
      value: 0
      objectReference: {fileID: 0}
    - target: {fileID: 4115408997890500, guid: 6b10c51d6aa0982448b3d54881ecab3f, type: 3}
      propertyPath: m_LocalRotation.y
      value: 0
      objectReference: {fileID: 0}
    - target: {fileID: 4115408997890500, guid: 6b10c51d6aa0982448b3d54881ecab3f, type: 3}
      propertyPath: m_LocalRotation.z
      value: 0
      objectReference: {fileID: 0}
    - target: {fileID: 4115408997890500, guid: 6b10c51d6aa0982448b3d54881ecab3f, type: 3}
      propertyPath: m_LocalEulerAnglesHint.x
      value: 0
      objectReference: {fileID: 0}
    - target: {fileID: 4115408997890500, guid: 6b10c51d6aa0982448b3d54881ecab3f, type: 3}
      propertyPath: m_LocalEulerAnglesHint.y
      value: 0
      objectReference: {fileID: 0}
    - target: {fileID: 4115408997890500, guid: 6b10c51d6aa0982448b3d54881ecab3f, type: 3}
      propertyPath: m_LocalEulerAnglesHint.z
      value: 0
      objectReference: {fileID: 0}
    m_RemovedComponents: []
  m_SourcePrefab: {fileID: 100100000, guid: 6b10c51d6aa0982448b3d54881ecab3f, type: 3}
--- !u!4 &5286898190492425893 stripped
Transform:
  m_CorrespondingSourceObject: {fileID: 4115408997890500, guid: 6b10c51d6aa0982448b3d54881ecab3f,
    type: 3}
  m_PrefabInstance: {fileID: 5282804919904528225}
  m_PrefabAsset: {fileID: 0}
--- !u!1001 &8026430407973105376
PrefabInstance:
  m_ObjectHideFlags: 0
  serializedVersion: 2
  m_Modification:
    m_TransformParent: {fileID: 5265988615450955587}
    m_Modifications:
    - target: {fileID: 1897498581954818, guid: a624394074265604b88337c27069c6cb, type: 3}
      propertyPath: m_Name
      value: Button Platform 01 Blue 1
      objectReference: {fileID: 0}
    - target: {fileID: 4058858019779054, guid: a624394074265604b88337c27069c6cb, type: 3}
      propertyPath: m_RootOrder
      value: 1
      objectReference: {fileID: 0}
    - target: {fileID: 4058858019779054, guid: a624394074265604b88337c27069c6cb, type: 3}
      propertyPath: m_LocalPosition.x
      value: 0
      objectReference: {fileID: 0}
    - target: {fileID: 4058858019779054, guid: a624394074265604b88337c27069c6cb, type: 3}
      propertyPath: m_LocalPosition.y
      value: 6
      objectReference: {fileID: 0}
    - target: {fileID: 4058858019779054, guid: a624394074265604b88337c27069c6cb, type: 3}
      propertyPath: m_LocalPosition.z
      value: 0
      objectReference: {fileID: 0}
    - target: {fileID: 4058858019779054, guid: a624394074265604b88337c27069c6cb, type: 3}
      propertyPath: m_LocalRotation.w
      value: 1
      objectReference: {fileID: 0}
    - target: {fileID: 4058858019779054, guid: a624394074265604b88337c27069c6cb, type: 3}
      propertyPath: m_LocalRotation.x
      value: 0
      objectReference: {fileID: 0}
    - target: {fileID: 4058858019779054, guid: a624394074265604b88337c27069c6cb, type: 3}
      propertyPath: m_LocalRotation.y
      value: 0
      objectReference: {fileID: 0}
    - target: {fileID: 4058858019779054, guid: a624394074265604b88337c27069c6cb, type: 3}
      propertyPath: m_LocalRotation.z
      value: 0
      objectReference: {fileID: 0}
    - target: {fileID: 4058858019779054, guid: a624394074265604b88337c27069c6cb, type: 3}
      propertyPath: m_LocalEulerAnglesHint.x
      value: 0
      objectReference: {fileID: 0}
    - target: {fileID: 4058858019779054, guid: a624394074265604b88337c27069c6cb, type: 3}
      propertyPath: m_LocalEulerAnglesHint.y
      value: 0
      objectReference: {fileID: 0}
    - target: {fileID: 4058858019779054, guid: a624394074265604b88337c27069c6cb, type: 3}
      propertyPath: m_LocalEulerAnglesHint.z
      value: 0
      objectReference: {fileID: 0}
    m_RemovedComponents: []
  m_SourcePrefab: {fileID: 100100000, guid: a624394074265604b88337c27069c6cb, type: 3}
--- !u!4 &8029338060134489870 stripped
Transform:
  m_CorrespondingSourceObject: {fileID: 4058858019779054, guid: a624394074265604b88337c27069c6cb,
    type: 3}
  m_PrefabInstance: {fileID: 8026430407973105376}
  m_PrefabAsset: {fileID: 0}
