%YAML 1.1
%TAG !u! tag:unity3d.com,2011:
--- !u!1 &1111339966563230956
GameObject:
  m_ObjectHideFlags: 0
  m_CorrespondingSourceObject: {fileID: 0}
  m_PrefabInstance: {fileID: 0}
  m_PrefabAsset: {fileID: 0}
  serializedVersion: 6
  m_Component:
  - component: {fileID: 7704502690653826873}
  - component: {fileID: 1358151009496915158}
  - component: {fileID: 944602941029371491}
  m_Layer: 5
  m_Name: Image
  m_TagString: Untagged
  m_Icon: {fileID: 0}
  m_NavMeshLayer: 0
  m_StaticEditorFlags: 0
  m_IsActive: 1
--- !u!224 &7704502690653826873
RectTransform:
  m_ObjectHideFlags: 0
  m_CorrespondingSourceObject: {fileID: 0}
  m_PrefabInstance: {fileID: 0}
  m_PrefabAsset: {fileID: 0}
  m_GameObject: {fileID: 1111339966563230956}
  m_LocalRotation: {x: 0, y: 0, z: 0, w: 1}
  m_LocalPosition: {x: 0, y: 0, z: 0}
  m_LocalScale: {x: 1, y: 1, z: 1}
  m_Children:
  - {fileID: 5142981550785654694}
  m_Father: {fileID: 4282784067711755730}
  m_RootOrder: 2
  m_LocalEulerAnglesHint: {x: 0, y: 0, z: 0}
  m_AnchorMin: {x: 0, y: 1}
  m_AnchorMax: {x: 1, y: 1}
  m_AnchoredPosition: {x: 0, y: 456}
  m_SizeDelta: {x: 1892, y: 346.95837}
  m_Pivot: {x: 0.5, y: 0.5}
--- !u!222 &1358151009496915158
CanvasRenderer:
  m_ObjectHideFlags: 0
  m_CorrespondingSourceObject: {fileID: 0}
  m_PrefabInstance: {fileID: 0}
  m_PrefabAsset: {fileID: 0}
  m_GameObject: {fileID: 1111339966563230956}
  m_CullTransparentMesh: 0
--- !u!114 &944602941029371491
MonoBehaviour:
  m_ObjectHideFlags: 0
  m_CorrespondingSourceObject: {fileID: 0}
  m_PrefabInstance: {fileID: 0}
  m_PrefabAsset: {fileID: 0}
  m_GameObject: {fileID: 1111339966563230956}
  m_Enabled: 1
  m_EditorHideFlags: 0
  m_Script: {fileID: 11500000, guid: fe87c0e1cc204ed48ad3b37840f39efc, type: 3}
  m_Name: 
  m_EditorClassIdentifier: 
  m_Material: {fileID: 0}
  m_Color: {r: 1, g: 1, b: 1, a: 1}
  m_RaycastTarget: 1
  m_Maskable: 1
  m_OnCullStateChanged:
    m_PersistentCalls:
      m_Calls: []
  m_Sprite: {fileID: 0}
  m_Type: 0
  m_PreserveAspect: 0
  m_FillCenter: 1
  m_FillMethod: 4
  m_FillAmount: 1
  m_FillClockwise: 1
  m_FillOrigin: 0
  m_UseSpriteMesh: 0
  m_PixelsPerUnitMultiplier: 1
--- !u!1 &1991225771698208388
GameObject:
  m_ObjectHideFlags: 0
  m_CorrespondingSourceObject: {fileID: 0}
  m_PrefabInstance: {fileID: 0}
  m_PrefabAsset: {fileID: 0}
  serializedVersion: 6
  m_Component:
  - component: {fileID: 5142981550785654694}
  - component: {fileID: 5608897311573672387}
  - component: {fileID: 488992740332049774}
  m_Layer: 5
  m_Name: Text (1)
  m_TagString: Untagged
  m_Icon: {fileID: 0}
  m_NavMeshLayer: 0
  m_StaticEditorFlags: 0
  m_IsActive: 1
--- !u!224 &5142981550785654694
RectTransform:
  m_ObjectHideFlags: 0
  m_CorrespondingSourceObject: {fileID: 0}
  m_PrefabInstance: {fileID: 0}
  m_PrefabAsset: {fileID: 0}
  m_GameObject: {fileID: 1991225771698208388}
  m_LocalRotation: {x: -0, y: -0, z: -0, w: 1}
  m_LocalPosition: {x: 0, y: 0, z: 0}
  m_LocalScale: {x: 1, y: 1, z: 1}
  m_Children: []
  m_Father: {fileID: 7704502690653826873}
  m_RootOrder: 0
  m_LocalEulerAnglesHint: {x: 0, y: 0, z: 0}
  m_AnchorMin: {x: 0, y: 0}
  m_AnchorMax: {x: 1, y: 1}
  m_AnchoredPosition: {x: -14, y: -8}
  m_SizeDelta: {x: -600, y: -166.95837}
  m_Pivot: {x: 0.5, y: 0.5}
--- !u!222 &5608897311573672387
CanvasRenderer:
  m_ObjectHideFlags: 0
  m_CorrespondingSourceObject: {fileID: 0}
  m_PrefabInstance: {fileID: 0}
  m_PrefabAsset: {fileID: 0}
  m_GameObject: {fileID: 1991225771698208388}
  m_CullTransparentMesh: 0
--- !u!114 &488992740332049774
MonoBehaviour:
  m_ObjectHideFlags: 0
  m_CorrespondingSourceObject: {fileID: 0}
  m_PrefabInstance: {fileID: 0}
  m_PrefabAsset: {fileID: 0}
  m_GameObject: {fileID: 1991225771698208388}
  m_Enabled: 1
  m_EditorHideFlags: 0
  m_Script: {fileID: 11500000, guid: 5f7201a12d95ffc409449d95f23cf332, type: 3}
  m_Name: 
  m_EditorClassIdentifier: 
  m_Material: {fileID: 0}
  m_Color: {r: 0.19607843, g: 0.19607843, b: 0.19607843, a: 1}
  m_RaycastTarget: 1
  m_Maskable: 1
  m_OnCullStateChanged:
    m_PersistentCalls:
      m_Calls: []
  m_FontData:
    m_Font: {fileID: 10102, guid: 0000000000000000e000000000000000, type: 0}
    m_FontSize: 100
    m_FontStyle: 1
    m_BestFit: 0
    m_MinSize: 1
    m_MaxSize: 100
    m_Alignment: 4
    m_AlignByGeometry: 0
    m_RichText: 0
    m_HorizontalOverflow: 0
    m_VerticalOverflow: 0
    m_LineSpacing: 1
  m_Text: Lose
--- !u!1 &4282784067711755731
GameObject:
  m_ObjectHideFlags: 0
  m_CorrespondingSourceObject: {fileID: 0}
  m_PrefabInstance: {fileID: 0}
  m_PrefabAsset: {fileID: 0}
  serializedVersion: 6
  m_Component:
  - component: {fileID: 4282784067711755730}
  - component: {fileID: 1633692021604540484}
  m_Layer: 5
  m_Name: GameLost
  m_TagString: Untagged
  m_Icon: {fileID: 0}
  m_NavMeshLayer: 0
  m_StaticEditorFlags: 0
  m_IsActive: 1
--- !u!224 &4282784067711755730
RectTransform:
  m_ObjectHideFlags: 0
  m_CorrespondingSourceObject: {fileID: 0}
  m_PrefabInstance: {fileID: 0}
  m_PrefabAsset: {fileID: 0}
  m_GameObject: {fileID: 4282784067711755731}
  m_LocalRotation: {x: 0, y: 0, z: 0, w: 1}
  m_LocalPosition: {x: 0, y: 0, z: 0}
  m_LocalScale: {x: 1, y: 1, z: 1}
  m_Children:
  - {fileID: 4389298983263439924}
  - {fileID: 8677106426972571019}
  - {fileID: 7704502690653826873}
  m_Father: {fileID: 0}
  m_RootOrder: 0
  m_LocalEulerAnglesHint: {x: 0, y: 0, z: 0}
  m_AnchorMin: {x: 0, y: 0}
  m_AnchorMax: {x: 1, y: 1}
  m_AnchoredPosition: {x: 0, y: 0}
  m_SizeDelta: {x: -1892, y: -1820}
  m_Pivot: {x: 0.5, y: 0.5}
--- !u!114 &1633692021604540484
MonoBehaviour:
  m_ObjectHideFlags: 0
  m_CorrespondingSourceObject: {fileID: 0}
  m_PrefabInstance: {fileID: 0}
  m_PrefabAsset: {fileID: 0}
  m_GameObject: {fileID: 4282784067711755731}
  m_Enabled: 1
  m_EditorHideFlags: 0
  m_Script: {fileID: 11500000, guid: 81ff494a751dc054b9647b1dbf95b976, type: 3}
  m_Name: 
  m_EditorClassIdentifier: 
  btn2ndChance: {fileID: 4389298983263439927}
  chanceText: {fileID: 1139988569049046209}
  chance: 20
--- !u!1 &8215341762241780040
GameObject:
  m_ObjectHideFlags: 0
  m_CorrespondingSourceObject: {fileID: 0}
  m_PrefabInstance: {fileID: 0}
  m_PrefabAsset: {fileID: 0}
  serializedVersion: 6
  m_Component:
  - component: {fileID: 4334133993925979008}
  - component: {fileID: 1769801831679759139}
  - component: {fileID: 1139988569049046209}
  m_Layer: 5
  m_Name: Text (1)
  m_TagString: Untagged
  m_Icon: {fileID: 0}
  m_NavMeshLayer: 0
  m_StaticEditorFlags: 0
  m_IsActive: 1
--- !u!224 &4334133993925979008
RectTransform:
  m_ObjectHideFlags: 0
  m_CorrespondingSourceObject: {fileID: 0}
  m_PrefabInstance: {fileID: 0}
  m_PrefabAsset: {fileID: 0}
  m_GameObject: {fileID: 8215341762241780040}
  m_LocalRotation: {x: -0, y: -0, z: -0, w: 1}
  m_LocalPosition: {x: 0, y: 0, z: 0}
  m_LocalScale: {x: 1, y: 1, z: 1}
  m_Children: []
  m_Father: {fileID: 4389298983263439924}
  m_RootOrder: 1
  m_LocalEulerAnglesHint: {x: 0, y: 0, z: 0}
  m_AnchorMin: {x: 0, y: 0}
  m_AnchorMax: {x: 1, y: 1}
  m_AnchoredPosition: {x: 0, y: -39}
  m_SizeDelta: {x: 0, y: 0}
  m_Pivot: {x: 0.5, y: 0.5}
--- !u!222 &1769801831679759139
CanvasRenderer:
  m_ObjectHideFlags: 0
  m_CorrespondingSourceObject: {fileID: 0}
  m_PrefabInstance: {fileID: 0}
  m_PrefabAsset: {fileID: 0}
  m_GameObject: {fileID: 8215341762241780040}
  m_CullTransparentMesh: 0
--- !u!114 &1139988569049046209
MonoBehaviour:
  m_ObjectHideFlags: 0
  m_CorrespondingSourceObject: {fileID: 0}
  m_PrefabInstance: {fileID: 0}
  m_PrefabAsset: {fileID: 0}
  m_GameObject: {fileID: 8215341762241780040}
  m_Enabled: 1
  m_EditorHideFlags: 0
  m_Script: {fileID: 11500000, guid: 5f7201a12d95ffc409449d95f23cf332, type: 3}
  m_Name: 
  m_EditorClassIdentifier: 
  m_Material: {fileID: 0}
  m_Color: {r: 0.19607843, g: 0.19607843, b: 0.19607843, a: 1}
  m_RaycastTarget: 1
  m_Maskable: 1
  m_OnCullStateChanged:
    m_PersistentCalls:
      m_Calls: []
  m_FontData:
    m_Font: {fileID: 10102, guid: 0000000000000000e000000000000000, type: 0}
    m_FontSize: 24
    m_FontStyle: 1
    m_BestFit: 0
    m_MinSize: 2
    m_MaxSize: 72
    m_Alignment: 4
    m_AlignByGeometry: 0
    m_RichText: 0
    m_HorizontalOverflow: 0
    m_VerticalOverflow: 0
    m_LineSpacing: 1
  m_Text: (20% chance to show this button)
--- !u!1001 &4282784068177719437
PrefabInstance:
  m_ObjectHideFlags: 0
  serializedVersion: 2
  m_Modification:
    m_TransformParent: {fileID: 4282784067711755730}
    m_Modifications:
    - target: {fileID: 4829203748663843718, guid: d04ff62e450685343996ddf1d4910539,
        type: 3}
      propertyPath: m_Text
      value: Try Again
      objectReference: {fileID: 0}
    - target: {fileID: 4829203749293192453, guid: d04ff62e450685343996ddf1d4910539,
        type: 3}
      propertyPath: m_OnClick.m_PersistentCalls.m_Calls.Array.size
      value: 1
      objectReference: {fileID: 0}
    - target: {fileID: 4829203749293192453, guid: d04ff62e450685343996ddf1d4910539,
        type: 3}
      propertyPath: m_OnClick.m_PersistentCalls.m_Calls.Array.data[0].m_Mode
      value: 1
      objectReference: {fileID: 0}
    - target: {fileID: 4829203749293192453, guid: d04ff62e450685343996ddf1d4910539,
        type: 3}
      propertyPath: m_OnClick.m_PersistentCalls.m_Calls.Array.data[0].m_Target
      value: 
      objectReference: {fileID: 1633692021604540484}
    - target: {fileID: 4829203749293192453, guid: d04ff62e450685343996ddf1d4910539,
        type: 3}
      propertyPath: m_OnClick.m_PersistentCalls.m_Calls.Array.data[0].m_CallState
      value: 2
      objectReference: {fileID: 0}
    - target: {fileID: 4829203749293192453, guid: d04ff62e450685343996ddf1d4910539,
        type: 3}
      propertyPath: m_OnClick.m_PersistentCalls.m_Calls.Array.data[0].m_MethodName
      value: OnClickTryAgain
      objectReference: {fileID: 0}
    - target: {fileID: 4829203749293192453, guid: d04ff62e450685343996ddf1d4910539,
        type: 3}
      propertyPath: m_OnClick.m_PersistentCalls.m_Calls.Array.data[0].m_Arguments.m_ObjectArgumentAssemblyTypeName
      value: UnityEngine.Object, UnityEngine
      objectReference: {fileID: 0}
    - target: {fileID: 4829203749293192454, guid: d04ff62e450685343996ddf1d4910539,
        type: 3}
      propertyPath: m_Pivot.x
      value: 0.5
      objectReference: {fileID: 0}
    - target: {fileID: 4829203749293192454, guid: d04ff62e450685343996ddf1d4910539,
        type: 3}
      propertyPath: m_Pivot.y
      value: 0.5
      objectReference: {fileID: 0}
    - target: {fileID: 4829203749293192454, guid: d04ff62e450685343996ddf1d4910539,
        type: 3}
      propertyPath: m_RootOrder
      value: 1
      objectReference: {fileID: 0}
    - target: {fileID: 4829203749293192454, guid: d04ff62e450685343996ddf1d4910539,
        type: 3}
      propertyPath: m_AnchorMax.x
      value: 0.5
      objectReference: {fileID: 0}
    - target: {fileID: 4829203749293192454, guid: d04ff62e450685343996ddf1d4910539,
        type: 3}
      propertyPath: m_AnchorMax.y
      value: 0.5
      objectReference: {fileID: 0}
    - target: {fileID: 4829203749293192454, guid: d04ff62e450685343996ddf1d4910539,
        type: 3}
      propertyPath: m_AnchorMin.x
      value: 0.5
      objectReference: {fileID: 0}
    - target: {fileID: 4829203749293192454, guid: d04ff62e450685343996ddf1d4910539,
        type: 3}
      propertyPath: m_AnchorMin.y
      value: 0.5
      objectReference: {fileID: 0}
    - target: {fileID: 4829203749293192454, guid: d04ff62e450685343996ddf1d4910539,
        type: 3}
      propertyPath: m_SizeDelta.x
      value: 480
      objectReference: {fileID: 0}
    - target: {fileID: 4829203749293192454, guid: d04ff62e450685343996ddf1d4910539,
        type: 3}
      propertyPath: m_SizeDelta.y
      value: 180
      objectReference: {fileID: 0}
    - target: {fileID: 4829203749293192454, guid: d04ff62e450685343996ddf1d4910539,
        type: 3}
      propertyPath: m_LocalPosition.x
      value: 0
      objectReference: {fileID: 0}
    - target: {fileID: 4829203749293192454, guid: d04ff62e450685343996ddf1d4910539,
        type: 3}
      propertyPath: m_LocalPosition.y
      value: 0
      objectReference: {fileID: 0}
    - target: {fileID: 4829203749293192454, guid: d04ff62e450685343996ddf1d4910539,
        type: 3}
      propertyPath: m_LocalPosition.z
      value: 0
      objectReference: {fileID: 0}
    - target: {fileID: 4829203749293192454, guid: d04ff62e450685343996ddf1d4910539,
        type: 3}
      propertyPath: m_LocalRotation.w
      value: 1
      objectReference: {fileID: 0}
    - target: {fileID: 4829203749293192454, guid: d04ff62e450685343996ddf1d4910539,
        type: 3}
      propertyPath: m_LocalRotation.x
      value: 0
      objectReference: {fileID: 0}
    - target: {fileID: 4829203749293192454, guid: d04ff62e450685343996ddf1d4910539,
        type: 3}
      propertyPath: m_LocalRotation.y
      value: 0
      objectReference: {fileID: 0}
    - target: {fileID: 4829203749293192454, guid: d04ff62e450685343996ddf1d4910539,
        type: 3}
      propertyPath: m_LocalRotation.z
      value: 0
      objectReference: {fileID: 0}
    - target: {fileID: 4829203749293192454, guid: d04ff62e450685343996ddf1d4910539,
        type: 3}
      propertyPath: m_AnchoredPosition.x
      value: 7
      objectReference: {fileID: 0}
    - target: {fileID: 4829203749293192454, guid: d04ff62e450685343996ddf1d4910539,
        type: 3}
      propertyPath: m_AnchoredPosition.y
      value: -224
      objectReference: {fileID: 0}
    - target: {fileID: 4829203749293192454, guid: d04ff62e450685343996ddf1d4910539,
        type: 3}
      propertyPath: m_LocalEulerAnglesHint.x
      value: 0
      objectReference: {fileID: 0}
    - target: {fileID: 4829203749293192454, guid: d04ff62e450685343996ddf1d4910539,
        type: 3}
      propertyPath: m_LocalEulerAnglesHint.y
      value: 0
      objectReference: {fileID: 0}
    - target: {fileID: 4829203749293192454, guid: d04ff62e450685343996ddf1d4910539,
        type: 3}
      propertyPath: m_LocalEulerAnglesHint.z
      value: 0
      objectReference: {fileID: 0}
    - target: {fileID: 4829203749293192455, guid: d04ff62e450685343996ddf1d4910539,
        type: 3}
      propertyPath: m_Name
      value: Btn_TryAgain
      objectReference: {fileID: 0}
    m_RemovedComponents: []
  m_SourcePrefab: {fileID: 100100000, guid: d04ff62e450685343996ddf1d4910539, type: 3}
--- !u!224 &8677106426972571019 stripped
RectTransform:
  m_CorrespondingSourceObject: {fileID: 4829203749293192454, guid: d04ff62e450685343996ddf1d4910539,
    type: 3}
  m_PrefabInstance: {fileID: 4282784068177719437}
  m_PrefabAsset: {fileID: 0}
--- !u!1001 &9218071369663412530
PrefabInstance:
  m_ObjectHideFlags: 0
  serializedVersion: 2
  m_Modification:
    m_TransformParent: {fileID: 4282784067711755730}
    m_Modifications:
    - target: {fileID: 4829203748663843718, guid: d04ff62e450685343996ddf1d4910539,
        type: 3}
      propertyPath: m_Text
      value: 2nd Chance
      objectReference: {fileID: 0}
    - target: {fileID: 4829203748663843719, guid: d04ff62e450685343996ddf1d4910539,
        type: 3}
      propertyPath: m_AnchoredPosition.y
      value: 22
      objectReference: {fileID: 0}
    - target: {fileID: 4829203749293192453, guid: d04ff62e450685343996ddf1d4910539,
        type: 3}
      propertyPath: m_OnClick.m_PersistentCalls.m_Calls.Array.size
      value: 1
      objectReference: {fileID: 0}
    - target: {fileID: 4829203749293192453, guid: d04ff62e450685343996ddf1d4910539,
        type: 3}
      propertyPath: m_OnClick.m_PersistentCalls.m_Calls.Array.data[0].m_Mode
      value: 1
      objectReference: {fileID: 0}
    - target: {fileID: 4829203749293192453, guid: d04ff62e450685343996ddf1d4910539,
        type: 3}
      propertyPath: m_OnClick.m_PersistentCalls.m_Calls.Array.data[0].m_Target
      value: 
      objectReference: {fileID: 1633692021604540484}
    - target: {fileID: 4829203749293192453, guid: d04ff62e450685343996ddf1d4910539,
        type: 3}
      propertyPath: m_OnClick.m_PersistentCalls.m_Calls.Array.data[0].m_CallState
      value: 2
      objectReference: {fileID: 0}
    - target: {fileID: 4829203749293192453, guid: d04ff62e450685343996ddf1d4910539,
        type: 3}
      propertyPath: m_OnClick.m_PersistentCalls.m_Calls.Array.data[0].m_MethodName
      value: OnClick2ndChance
      objectReference: {fileID: 0}
    - target: {fileID: 4829203749293192453, guid: d04ff62e450685343996ddf1d4910539,
        type: 3}
      propertyPath: m_OnClick.m_PersistentCalls.m_Calls.Array.data[0].m_Arguments.m_ObjectArgumentAssemblyTypeName
      value: UnityEngine.Object, UnityEngine
      objectReference: {fileID: 0}
    - target: {fileID: 4829203749293192454, guid: d04ff62e450685343996ddf1d4910539,
        type: 3}
      propertyPath: m_Pivot.x
      value: 0.5
      objectReference: {fileID: 0}
    - target: {fileID: 4829203749293192454, guid: d04ff62e450685343996ddf1d4910539,
        type: 3}
      propertyPath: m_Pivot.y
      value: 0.5
      objectReference: {fileID: 0}
    - target: {fileID: 4829203749293192454, guid: d04ff62e450685343996ddf1d4910539,
        type: 3}
      propertyPath: m_RootOrder
      value: 0
      objectReference: {fileID: 0}
    - target: {fileID: 4829203749293192454, guid: d04ff62e450685343996ddf1d4910539,
        type: 3}
      propertyPath: m_AnchorMax.x
      value: 0.5
      objectReference: {fileID: 0}
    - target: {fileID: 4829203749293192454, guid: d04ff62e450685343996ddf1d4910539,
        type: 3}
      propertyPath: m_AnchorMax.y
      value: 0.5
      objectReference: {fileID: 0}
    - target: {fileID: 4829203749293192454, guid: d04ff62e450685343996ddf1d4910539,
        type: 3}
      propertyPath: m_AnchorMin.x
      value: 0.5
      objectReference: {fileID: 0}
    - target: {fileID: 4829203749293192454, guid: d04ff62e450685343996ddf1d4910539,
        type: 3}
      propertyPath: m_AnchorMin.y
      value: 0.5
      objectReference: {fileID: 0}
    - target: {fileID: 4829203749293192454, guid: d04ff62e450685343996ddf1d4910539,
        type: 3}
      propertyPath: m_SizeDelta.x
      value: 480
      objectReference: {fileID: 0}
    - target: {fileID: 4829203749293192454, guid: d04ff62e450685343996ddf1d4910539,
        type: 3}
      propertyPath: m_SizeDelta.y
      value: 180
      objectReference: {fileID: 0}
    - target: {fileID: 4829203749293192454, guid: d04ff62e450685343996ddf1d4910539,
        type: 3}
      propertyPath: m_LocalPosition.x
      value: 0
      objectReference: {fileID: 0}
    - target: {fileID: 4829203749293192454, guid: d04ff62e450685343996ddf1d4910539,
        type: 3}
      propertyPath: m_LocalPosition.y
      value: 0
      objectReference: {fileID: 0}
    - target: {fileID: 4829203749293192454, guid: d04ff62e450685343996ddf1d4910539,
        type: 3}
      propertyPath: m_LocalPosition.z
      value: 0
      objectReference: {fileID: 0}
    - target: {fileID: 4829203749293192454, guid: d04ff62e450685343996ddf1d4910539,
        type: 3}
      propertyPath: m_LocalRotation.w
      value: 1
      objectReference: {fileID: 0}
    - target: {fileID: 4829203749293192454, guid: d04ff62e450685343996ddf1d4910539,
        type: 3}
      propertyPath: m_LocalRotation.x
      value: -0
      objectReference: {fileID: 0}
    - target: {fileID: 4829203749293192454, guid: d04ff62e450685343996ddf1d4910539,
        type: 3}
      propertyPath: m_LocalRotation.y
      value: -0
      objectReference: {fileID: 0}
    - target: {fileID: 4829203749293192454, guid: d04ff62e450685343996ddf1d4910539,
        type: 3}
      propertyPath: m_LocalRotation.z
      value: -0
      objectReference: {fileID: 0}
    - target: {fileID: 4829203749293192454, guid: d04ff62e450685343996ddf1d4910539,
        type: 3}
      propertyPath: m_AnchoredPosition.x
      value: 7
      objectReference: {fileID: 0}
    - target: {fileID: 4829203749293192454, guid: d04ff62e450685343996ddf1d4910539,
        type: 3}
      propertyPath: m_AnchoredPosition.y
      value: -517
      objectReference: {fileID: 0}
    - target: {fileID: 4829203749293192454, guid: d04ff62e450685343996ddf1d4910539,
        type: 3}
      propertyPath: m_LocalEulerAnglesHint.x
      value: 0
      objectReference: {fileID: 0}
    - target: {fileID: 4829203749293192454, guid: d04ff62e450685343996ddf1d4910539,
        type: 3}
      propertyPath: m_LocalEulerAnglesHint.y
      value: 0
      objectReference: {fileID: 0}
    - target: {fileID: 4829203749293192454, guid: d04ff62e450685343996ddf1d4910539,
        type: 3}
      propertyPath: m_LocalEulerAnglesHint.z
      value: 0
      objectReference: {fileID: 0}
    - target: {fileID: 4829203749293192455, guid: d04ff62e450685343996ddf1d4910539,
        type: 3}
      propertyPath: m_Name
      value: Btn_2ndChance
      objectReference: {fileID: 0}
    - target: {fileID: 4829203749293192455, guid: d04ff62e450685343996ddf1d4910539,
        type: 3}
      propertyPath: m_IsActive
      value: 1
      objectReference: {fileID: 0}
    m_RemovedComponents: []
  m_SourcePrefab: {fileID: 100100000, guid: d04ff62e450685343996ddf1d4910539, type: 3}
--- !u!224 &4389298983263439924 stripped
RectTransform:
  m_CorrespondingSourceObject: {fileID: 4829203749293192454, guid: d04ff62e450685343996ddf1d4910539,
    type: 3}
  m_PrefabInstance: {fileID: 9218071369663412530}
  m_PrefabAsset: {fileID: 0}
--- !u!114 &4389298983263439927 stripped
MonoBehaviour:
  m_CorrespondingSourceObject: {fileID: 4829203749293192453, guid: d04ff62e450685343996ddf1d4910539,
    type: 3}
  m_PrefabInstance: {fileID: 9218071369663412530}
  m_PrefabAsset: {fileID: 0}
  m_GameObject: {fileID: 0}
  m_Enabled: 1
  m_EditorHideFlags: 0
  m_Script: {fileID: 11500000, guid: 4e29b1a8efbd4b44bb3f3716e73f07ff, type: 3}
  m_Name: 
  m_EditorClassIdentifier: 
