%YAML 1.1
%TAG !u! tag:unity3d.com,2011:
--- !u!1 &1111339966563230956
GameObject:
  m_ObjectHideFlags: 0
  m_CorrespondingSourceObject: {fileID: 0}
  m_PrefabInstance: {fileID: 0}
  m_PrefabAsset: {fileID: 0}
  serializedVersion: 6
  m_Component:
  - component: {fileID: 7704502690653826873}
  - component: {fileID: 1358151009496915158}
  - component: {fileID: 944602941029371491}
  m_Layer: 5
  m_Name: Image
  m_TagString: Untagged
  m_Icon: {fileID: 0}
  m_NavMeshLayer: 0
  m_StaticEditorFlags: 0
  m_IsActive: 1
--- !u!224 &7704502690653826873
RectTransform:
  m_ObjectHideFlags: 0
  m_CorrespondingSourceObject: {fileID: 0}
  m_PrefabInstance: {fileID: 0}
  m_PrefabAsset: {fileID: 0}
  m_GameObject: {fileID: 1111339966563230956}
  m_LocalRotation: {x: 0, y: 0, z: 0, w: 1}
  m_LocalPosition: {x: 0, y: 0, z: 0}
  m_LocalScale: {x: 1, y: 1, z: 1}
  m_Children: []
  m_Father: {fileID: 4282784067711755730}
  m_RootOrder: 0
  m_LocalEulerAnglesHint: {x: 0, y: 0, z: 0}
  m_AnchorMin: {x: 0, y: 0}
  m_AnchorMax: {x: 1, y: 1}
  m_AnchoredPosition: {x: 0, y: -0.000030517578}
  m_SizeDelta: {x: 1892, y: 1820}
  m_Pivot: {x: 0.5, y: 0.5}
--- !u!222 &1358151009496915158
CanvasRenderer:
  m_ObjectHideFlags: 0
  m_CorrespondingSourceObject: {fileID: 0}
  m_PrefabInstance: {fileID: 0}
  m_PrefabAsset: {fileID: 0}
  m_GameObject: {fileID: 1111339966563230956}
  m_CullTransparentMesh: 0
--- !u!114 &944602941029371491
MonoBehaviour:
  m_ObjectHideFlags: 0
  m_CorrespondingSourceObject: {fileID: 0}
  m_PrefabInstance: {fileID: 0}
  m_PrefabAsset: {fileID: 0}
  m_GameObject: {fileID: 1111339966563230956}
  m_Enabled: 1
  m_EditorHideFlags: 0
  m_Script: {fileID: 11500000, guid: fe87c0e1cc204ed48ad3b37840f39efc, type: 3}
  m_Name: 
  m_EditorClassIdentifier: 
  m_Material: {fileID: 0}
  m_Color: {r: 1, g: 1, b: 1, a: 1}
  m_RaycastTarget: 1
  m_Maskable: 1
  m_OnCullStateChanged:
    m_PersistentCalls:
      m_Calls: []
  m_Sprite: {fileID: 0}
  m_Type: 0
  m_PreserveAspect: 0
  m_FillCenter: 1
  m_FillMethod: 4
  m_FillAmount: 1
  m_FillClockwise: 1
  m_FillOrigin: 0
  m_UseSpriteMesh: 0
  m_PixelsPerUnitMultiplier: 1
--- !u!1 &1337828804626608910
GameObject:
  m_ObjectHideFlags: 0
  m_CorrespondingSourceObject: {fileID: 0}
  m_PrefabInstance: {fileID: 0}
  m_PrefabAsset: {fileID: 0}
  serializedVersion: 6
  m_Component:
  - component: {fileID: 7555186859442082066}
  m_Layer: 5
  m_Name: Rotate
  m_TagString: Untagged
  m_Icon: {fileID: 0}
  m_NavMeshLayer: 0
  m_StaticEditorFlags: 0
  m_IsActive: 1
--- !u!224 &7555186859442082066
RectTransform:
  m_ObjectHideFlags: 0
  m_CorrespondingSourceObject: {fileID: 0}
  m_PrefabInstance: {fileID: 0}
  m_PrefabAsset: {fileID: 0}
  m_GameObject: {fileID: 1337828804626608910}
  m_LocalRotation: {x: 0.49640012, y: 0.20561565, z: -0.32275194, w: 0.77919215}
  m_LocalPosition: {x: 0, y: 0, z: 0}
  m_LocalScale: {x: 1, y: 1, z: 1}
  m_Children:
  - {fileID: 3209929165534246564}
  m_Father: {fileID: 3793257919847400388}
  m_RootOrder: 0
  m_LocalEulerAnglesHint: {x: 65, y: 0, z: -45}
  m_AnchorMin: {x: 0.5, y: 0.5}
  m_AnchorMax: {x: 0.5, y: 0.5}
  m_AnchoredPosition: {x: 0, y: 0}
  m_SizeDelta: {x: 100, y: 100}
  m_Pivot: {x: 0.5, y: 0.5}
--- !u!1 &2948993405725762026
GameObject:
  m_ObjectHideFlags: 0
  m_CorrespondingSourceObject: {fileID: 0}
  m_PrefabInstance: {fileID: 0}
  m_PrefabAsset: {fileID: 0}
  serializedVersion: 6
  m_Component:
  - component: {fileID: 3209929165534246564}
  - component: {fileID: 9122549653925543707}
  - component: {fileID: 4885407189204766143}
  m_Layer: 5
  m_Name: Cube
  m_TagString: Untagged
  m_Icon: {fileID: 0}
  m_NavMeshLayer: 0
  m_StaticEditorFlags: 0
  m_IsActive: 1
--- !u!4 &3209929165534246564
Transform:
  m_ObjectHideFlags: 0
  m_CorrespondingSourceObject: {fileID: 0}
  m_PrefabInstance: {fileID: 0}
  m_PrefabAsset: {fileID: 0}
  m_GameObject: {fileID: 2948993405725762026}
  m_LocalRotation: {x: 0, y: 0, z: 0, w: 1}
  m_LocalPosition: {x: 0, y: 0, z: 0}
  m_LocalScale: {x: 600, y: 600, z: 600}
  m_Children: []
  m_Father: {fileID: 7555186859442082066}
  m_RootOrder: 0
  m_LocalEulerAnglesHint: {x: 0, y: 0, z: 0}
--- !u!33 &9122549653925543707
MeshFilter:
  m_ObjectHideFlags: 0
  m_CorrespondingSourceObject: {fileID: 0}
  m_PrefabInstance: {fileID: 0}
  m_PrefabAsset: {fileID: 0}
  m_GameObject: {fileID: 2948993405725762026}
  m_Mesh: {fileID: 10202, guid: 0000000000000000e000000000000000, type: 0}
--- !u!23 &4885407189204766143
MeshRenderer:
  m_ObjectHideFlags: 0
  m_CorrespondingSourceObject: {fileID: 0}
  m_PrefabInstance: {fileID: 0}
  m_PrefabAsset: {fileID: 0}
  m_GameObject: {fileID: 2948993405725762026}
  m_Enabled: 1
  m_CastShadows: 1
  m_ReceiveShadows: 1
  m_DynamicOccludee: 1
  m_MotionVectors: 1
  m_LightProbeUsage: 1
  m_ReflectionProbeUsage: 1
  m_RayTracingMode: 2
  m_RenderingLayerMask: 1
  m_RendererPriority: 0
  m_Materials:
  - {fileID: 2100000, guid: e11820def211aac499d1bcf50c3e3f8a, type: 2}
  m_StaticBatchInfo:
    firstSubMesh: 0
    subMeshCount: 0
  m_StaticBatchRoot: {fileID: 0}
  m_ProbeAnchor: {fileID: 0}
  m_LightProbeVolumeOverride: {fileID: 0}
  m_ScaleInLightmap: 1
  m_ReceiveGI: 1
  m_PreserveUVs: 0
  m_IgnoreNormalsForChartDetection: 0
  m_ImportantGI: 0
  m_StitchLightmapSeams: 1
  m_SelectedEditorRenderState: 3
  m_MinimumChartSize: 4
  m_AutoUVMaxDistance: 0.5
  m_AutoUVMaxAngle: 89
  m_LightmapParameters: {fileID: 0}
  m_SortingLayerID: 0
  m_SortingLayer: 0
  m_SortingOrder: 0
--- !u!1 &3676350128320462926
GameObject:
  m_ObjectHideFlags: 0
  m_CorrespondingSourceObject: {fileID: 0}
  m_PrefabInstance: {fileID: 0}
  m_PrefabAsset: {fileID: 0}
  serializedVersion: 6
  m_Component:
  - component: {fileID: 9078917030556413863}
  m_Layer: 5
  m_Name: character
  m_TagString: Untagged
  m_Icon: {fileID: 0}
  m_NavMeshLayer: 0
  m_StaticEditorFlags: 0
  m_IsActive: 1
--- !u!4 &9078917030556413863
Transform:
  m_ObjectHideFlags: 0
  m_CorrespondingSourceObject: {fileID: 0}
  m_PrefabInstance: {fileID: 0}
  m_PrefabAsset: {fileID: 0}
  m_GameObject: {fileID: 3676350128320462926}
  m_LocalRotation: {x: -0, y: -0, z: -0, w: 1}
  m_LocalPosition: {x: -7, y: -245, z: -50}
  m_LocalScale: {x: 1, y: 1, z: 0.1}
  m_Children: []
  m_Father: {fileID: 4282784067711755730}
  m_RootOrder: 4
  m_LocalEulerAnglesHint: {x: 0, y: 0, z: 0}
--- !u!1 &4282784067711755731
GameObject:
  m_ObjectHideFlags: 0
  m_CorrespondingSourceObject: {fileID: 0}
  m_PrefabInstance: {fileID: 0}
  m_PrefabAsset: {fileID: 0}
  serializedVersion: 6
  m_Component:
  - component: {fileID: 4282784067711755730}
  - component: {fileID: 7461721886309553790}
  m_Layer: 5
  m_Name: GameChest
  m_TagString: Untagged
  m_Icon: {fileID: 0}
  m_NavMeshLayer: 0
  m_StaticEditorFlags: 0
  m_IsActive: 1
--- !u!224 &4282784067711755730
RectTransform:
  m_ObjectHideFlags: 0
  m_CorrespondingSourceObject: {fileID: 0}
  m_PrefabInstance: {fileID: 0}
  m_PrefabAsset: {fileID: 0}
  m_GameObject: {fileID: 4282784067711755731}
  m_LocalRotation: {x: 0, y: 0, z: 0, w: 1}
  m_LocalPosition: {x: 0, y: 0, z: 0}
  m_LocalScale: {x: 1, y: 1, z: 1}
  m_Children:
  - {fileID: 7704502690653826873}
  - {fileID: 8677106426972571019}
  - {fileID: 8866290763020530457}
  - {fileID: 3793257919847400388}
  - {fileID: 9078917030556413863}
  m_Father: {fileID: 0}
  m_RootOrder: 0
  m_LocalEulerAnglesHint: {x: 0, y: 0, z: 0}
  m_AnchorMin: {x: 0, y: 0}
  m_AnchorMax: {x: 1, y: 1}
  m_AnchoredPosition: {x: 0, y: 0}
  m_SizeDelta: {x: -1892, y: -1820}
  m_Pivot: {x: 0.5, y: 0.5}
--- !u!114 &7461721886309553790
MonoBehaviour:
  m_ObjectHideFlags: 0
  m_CorrespondingSourceObject: {fileID: 0}
  m_PrefabInstance: {fileID: 0}
  m_PrefabAsset: {fileID: 0}
  m_GameObject: {fileID: 4282784067711755731}
  m_Enabled: 1
  m_EditorHideFlags: 0
  m_Script: {fileID: 11500000, guid: b5685ea6c467be9469b202b1413e100e, type: 3}
  m_Name: 
  m_EditorClassIdentifier: 
  btnOpenChest: {fileID: 8866290763020530458}
  btnContinue: {fileID: 8677106426972571016}
  chest: {fileID: 2948993405725762026}
  chestContainer: {fileID: 4656042784392106711}
  character: {fileID: 3676350128320462926}
--- !u!1 &4656042784392106711
GameObject:
  m_ObjectHideFlags: 0
  m_CorrespondingSourceObject: {fileID: 0}
  m_PrefabInstance: {fileID: 0}
  m_PrefabAsset: {fileID: 0}
  serializedVersion: 6
  m_Component:
  - component: {fileID: 3793257919847400388}
  m_Layer: 5
  m_Name: chestContainer
  m_TagString: Untagged
  m_Icon: {fileID: 0}
  m_NavMeshLayer: 0
  m_StaticEditorFlags: 0
  m_IsActive: 1
--- !u!224 &3793257919847400388
RectTransform:
  m_ObjectHideFlags: 0
  m_CorrespondingSourceObject: {fileID: 0}
  m_PrefabInstance: {fileID: 0}
  m_PrefabAsset: {fileID: 0}
  m_GameObject: {fileID: 4656042784392106711}
  m_LocalRotation: {x: 0, y: 0, z: 0, w: 1}
  m_LocalPosition: {x: 0, y: 0, z: -40}
  m_LocalScale: {x: 1, y: 1, z: 0.05}
  m_Children:
  - {fileID: 7555186859442082066}
  m_Father: {fileID: 4282784067711755730}
  m_RootOrder: 3
  m_LocalEulerAnglesHint: {x: 0, y: 0, z: 0}
  m_AnchorMin: {x: 0.5, y: 0.5}
  m_AnchorMax: {x: 0.5, y: 0.5}
  m_AnchoredPosition: {x: 0, y: 0}
  m_SizeDelta: {x: 100, y: 100}
  m_Pivot: {x: 0.5, y: 0.5}
--- !u!1001 &4039626887753926175
PrefabInstance:
  m_ObjectHideFlags: 0
  serializedVersion: 2
  m_Modification:
    m_TransformParent: {fileID: 4282784067711755730}
    m_Modifications:
    - target: {fileID: 4829203748663843718, guid: d04ff62e450685343996ddf1d4910539,
        type: 3}
      propertyPath: m_Text
      value: Open Chest
      objectReference: {fileID: 0}
    - target: {fileID: 4829203748663843718, guid: d04ff62e450685343996ddf1d4910539,
        type: 3}
      propertyPath: m_Enabled
      value: 0
      objectReference: {fileID: 0}
    - target: {fileID: 4829203749293192452, guid: d04ff62e450685343996ddf1d4910539,
        type: 3}
      propertyPath: m_Color.a
      value: 0
      objectReference: {fileID: 0}
    - target: {fileID: 4829203749293192453, guid: d04ff62e450685343996ddf1d4910539,
        type: 3}
      propertyPath: m_OnClick.m_PersistentCalls.m_Calls.Array.size
      value: 1
      objectReference: {fileID: 0}
    - target: {fileID: 4829203749293192453, guid: d04ff62e450685343996ddf1d4910539,
        type: 3}
      propertyPath: m_OnClick.m_PersistentCalls.m_Calls.Array.data[0].m_Mode
      value: 1
      objectReference: {fileID: 0}
    - target: {fileID: 4829203749293192453, guid: d04ff62e450685343996ddf1d4910539,
        type: 3}
      propertyPath: m_OnClick.m_PersistentCalls.m_Calls.Array.data[0].m_Target
      value: 
      objectReference: {fileID: 7461721886309553790}
    - target: {fileID: 4829203749293192453, guid: d04ff62e450685343996ddf1d4910539,
        type: 3}
      propertyPath: m_OnClick.m_PersistentCalls.m_Calls.Array.data[0].m_CallState
      value: 2
      objectReference: {fileID: 0}
    - target: {fileID: 4829203749293192453, guid: d04ff62e450685343996ddf1d4910539,
        type: 3}
      propertyPath: m_OnClick.m_PersistentCalls.m_Calls.Array.data[0].m_MethodName
      value: OnClickOpenChest
      objectReference: {fileID: 0}
    - target: {fileID: 4829203749293192453, guid: d04ff62e450685343996ddf1d4910539,
        type: 3}
      propertyPath: m_OnClick.m_PersistentCalls.m_Calls.Array.data[0].m_Arguments.m_ObjectArgumentAssemblyTypeName
      value: UnityEngine.Object, UnityEngine
      objectReference: {fileID: 0}
    - target: {fileID: 4829203749293192454, guid: d04ff62e450685343996ddf1d4910539,
        type: 3}
      propertyPath: m_Pivot.x
      value: 0.5
      objectReference: {fileID: 0}
    - target: {fileID: 4829203749293192454, guid: d04ff62e450685343996ddf1d4910539,
        type: 3}
      propertyPath: m_Pivot.y
      value: 0.5
      objectReference: {fileID: 0}
    - target: {fileID: 4829203749293192454, guid: d04ff62e450685343996ddf1d4910539,
        type: 3}
      propertyPath: m_RootOrder
      value: 2
      objectReference: {fileID: 0}
    - target: {fileID: 4829203749293192454, guid: d04ff62e450685343996ddf1d4910539,
        type: 3}
      propertyPath: m_AnchorMax.x
      value: 0.5
      objectReference: {fileID: 0}
    - target: {fileID: 4829203749293192454, guid: d04ff62e450685343996ddf1d4910539,
        type: 3}
      propertyPath: m_AnchorMax.y
      value: 0.5
      objectReference: {fileID: 0}
    - target: {fileID: 4829203749293192454, guid: d04ff62e450685343996ddf1d4910539,
        type: 3}
      propertyPath: m_AnchorMin.x
      value: 0.5
      objectReference: {fileID: 0}
    - target: {fileID: 4829203749293192454, guid: d04ff62e450685343996ddf1d4910539,
        type: 3}
      propertyPath: m_AnchorMin.y
      value: 0.5
      objectReference: {fileID: 0}
    - target: {fileID: 4829203749293192454, guid: d04ff62e450685343996ddf1d4910539,
        type: 3}
      propertyPath: m_SizeDelta.x
      value: 902.6332
      objectReference: {fileID: 0}
    - target: {fileID: 4829203749293192454, guid: d04ff62e450685343996ddf1d4910539,
        type: 3}
      propertyPath: m_SizeDelta.y
      value: 999.5995
      objectReference: {fileID: 0}
    - target: {fileID: 4829203749293192454, guid: d04ff62e450685343996ddf1d4910539,
        type: 3}
      propertyPath: m_LocalPosition.x
      value: 0
      objectReference: {fileID: 0}
    - target: {fileID: 4829203749293192454, guid: d04ff62e450685343996ddf1d4910539,
        type: 3}
      propertyPath: m_LocalPosition.y
      value: 0
      objectReference: {fileID: 0}
    - target: {fileID: 4829203749293192454, guid: d04ff62e450685343996ddf1d4910539,
        type: 3}
      propertyPath: m_LocalPosition.z
      value: 0
      objectReference: {fileID: 0}
    - target: {fileID: 4829203749293192454, guid: d04ff62e450685343996ddf1d4910539,
        type: 3}
      propertyPath: m_LocalRotation.w
      value: 1
      objectReference: {fileID: 0}
    - target: {fileID: 4829203749293192454, guid: d04ff62e450685343996ddf1d4910539,
        type: 3}
      propertyPath: m_LocalRotation.x
      value: 0
      objectReference: {fileID: 0}
    - target: {fileID: 4829203749293192454, guid: d04ff62e450685343996ddf1d4910539,
        type: 3}
      propertyPath: m_LocalRotation.y
      value: 0
      objectReference: {fileID: 0}
    - target: {fileID: 4829203749293192454, guid: d04ff62e450685343996ddf1d4910539,
        type: 3}
      propertyPath: m_LocalRotation.z
      value: 0
      objectReference: {fileID: 0}
    - target: {fileID: 4829203749293192454, guid: d04ff62e450685343996ddf1d4910539,
        type: 3}
      propertyPath: m_AnchoredPosition.x
      value: 6.9999
      objectReference: {fileID: 0}
    - target: {fileID: 4829203749293192454, guid: d04ff62e450685343996ddf1d4910539,
        type: 3}
      propertyPath: m_AnchoredPosition.y
      value: -52.6
      objectReference: {fileID: 0}
    - target: {fileID: 4829203749293192454, guid: d04ff62e450685343996ddf1d4910539,
        type: 3}
      propertyPath: m_LocalEulerAnglesHint.x
      value: 0
      objectReference: {fileID: 0}
    - target: {fileID: 4829203749293192454, guid: d04ff62e450685343996ddf1d4910539,
        type: 3}
      propertyPath: m_LocalEulerAnglesHint.y
      value: 0
      objectReference: {fileID: 0}
    - target: {fileID: 4829203749293192454, guid: d04ff62e450685343996ddf1d4910539,
        type: 3}
      propertyPath: m_LocalEulerAnglesHint.z
      value: 0
      objectReference: {fileID: 0}
    - target: {fileID: 4829203749293192455, guid: d04ff62e450685343996ddf1d4910539,
        type: 3}
      propertyPath: m_Name
      value: Btn_OpenChest
      objectReference: {fileID: 0}
    m_RemovedComponents: []
  m_SourcePrefab: {fileID: 100100000, guid: d04ff62e450685343996ddf1d4910539, type: 3}
--- !u!224 &8866290763020530457 stripped
RectTransform:
  m_CorrespondingSourceObject: {fileID: 4829203749293192454, guid: d04ff62e450685343996ddf1d4910539,
    type: 3}
  m_PrefabInstance: {fileID: 4039626887753926175}
  m_PrefabAsset: {fileID: 0}
--- !u!114 &8866290763020530458 stripped
MonoBehaviour:
  m_CorrespondingSourceObject: {fileID: 4829203749293192453, guid: d04ff62e450685343996ddf1d4910539,
    type: 3}
  m_PrefabInstance: {fileID: 4039626887753926175}
  m_PrefabAsset: {fileID: 0}
  m_GameObject: {fileID: 0}
  m_Enabled: 1
  m_EditorHideFlags: 0
  m_Script: {fileID: 11500000, guid: 4e29b1a8efbd4b44bb3f3716e73f07ff, type: 3}
  m_Name: 
  m_EditorClassIdentifier: 
--- !u!1001 &4282784068177719437
PrefabInstance:
  m_ObjectHideFlags: 0
  serializedVersion: 2
  m_Modification:
    m_TransformParent: {fileID: 4282784067711755730}
    m_Modifications:
    - target: {fileID: 4829203748663843718, guid: d04ff62e450685343996ddf1d4910539,
        type: 3}
      propertyPath: m_Text
      value: Continue
      objectReference: {fileID: 0}
    - target: {fileID: 4829203749293192452, guid: d04ff62e450685343996ddf1d4910539,
        type: 3}
      propertyPath: m_Color.b
      value: 1
      objectReference: {fileID: 0}
    - target: {fileID: 4829203749293192452, guid: d04ff62e450685343996ddf1d4910539,
        type: 3}
      propertyPath: m_Color.g
      value: 0.8746862
      objectReference: {fileID: 0}
    - target: {fileID: 4829203749293192452, guid: d04ff62e450685343996ddf1d4910539,
        type: 3}
      propertyPath: m_Color.r
      value: 0.7122642
      objectReference: {fileID: 0}
    - target: {fileID: 4829203749293192453, guid: d04ff62e450685343996ddf1d4910539,
        type: 3}
      propertyPath: m_OnClick.m_PersistentCalls.m_Calls.Array.size
      value: 1
      objectReference: {fileID: 0}
    - target: {fileID: 4829203749293192453, guid: d04ff62e450685343996ddf1d4910539,
        type: 3}
      propertyPath: m_OnClick.m_PersistentCalls.m_Calls.Array.data[0].m_Mode
      value: 1
      objectReference: {fileID: 0}
    - target: {fileID: 4829203749293192453, guid: d04ff62e450685343996ddf1d4910539,
        type: 3}
      propertyPath: m_OnClick.m_PersistentCalls.m_Calls.Array.data[0].m_Target
      value: 
      objectReference: {fileID: 7461721886309553790}
    - target: {fileID: 4829203749293192453, guid: d04ff62e450685343996ddf1d4910539,
        type: 3}
      propertyPath: m_OnClick.m_PersistentCalls.m_Calls.Array.data[0].m_CallState
      value: 2
      objectReference: {fileID: 0}
    - target: {fileID: 4829203749293192453, guid: d04ff62e450685343996ddf1d4910539,
        type: 3}
      propertyPath: m_OnClick.m_PersistentCalls.m_Calls.Array.data[0].m_MethodName
      value: OnClickContinue
      objectReference: {fileID: 0}
    - target: {fileID: 4829203749293192453, guid: d04ff62e450685343996ddf1d4910539,
        type: 3}
      propertyPath: m_OnClick.m_PersistentCalls.m_Calls.Array.data[0].m_Arguments.m_ObjectArgumentAssemblyTypeName
      value: UnityEngine.Object, UnityEngine
      objectReference: {fileID: 0}
    - target: {fileID: 4829203749293192454, guid: d04ff62e450685343996ddf1d4910539,
        type: 3}
      propertyPath: m_Pivot.x
      value: 0.5
      objectReference: {fileID: 0}
    - target: {fileID: 4829203749293192454, guid: d04ff62e450685343996ddf1d4910539,
        type: 3}
      propertyPath: m_Pivot.y
      value: 0.5
      objectReference: {fileID: 0}
    - target: {fileID: 4829203749293192454, guid: d04ff62e450685343996ddf1d4910539,
        type: 3}
      propertyPath: m_RootOrder
      value: 1
      objectReference: {fileID: 0}
    - target: {fileID: 4829203749293192454, guid: d04ff62e450685343996ddf1d4910539,
        type: 3}
      propertyPath: m_AnchorMax.x
      value: 0.5
      objectReference: {fileID: 0}
    - target: {fileID: 4829203749293192454, guid: d04ff62e450685343996ddf1d4910539,
        type: 3}
      propertyPath: m_AnchorMax.y
      value: 0.5
      objectReference: {fileID: 0}
    - target: {fileID: 4829203749293192454, guid: d04ff62e450685343996ddf1d4910539,
        type: 3}
      propertyPath: m_AnchorMin.x
      value: 0.5
      objectReference: {fileID: 0}
    - target: {fileID: 4829203749293192454, guid: d04ff62e450685343996ddf1d4910539,
        type: 3}
      propertyPath: m_AnchorMin.y
      value: 0.5
      objectReference: {fileID: 0}
    - target: {fileID: 4829203749293192454, guid: d04ff62e450685343996ddf1d4910539,
        type: 3}
      propertyPath: m_SizeDelta.x
      value: 480
      objectReference: {fileID: 0}
    - target: {fileID: 4829203749293192454, guid: d04ff62e450685343996ddf1d4910539,
        type: 3}
      propertyPath: m_SizeDelta.y
      value: 180
      objectReference: {fileID: 0}
    - target: {fileID: 4829203749293192454, guid: d04ff62e450685343996ddf1d4910539,
        type: 3}
      propertyPath: m_LocalPosition.x
      value: 0
      objectReference: {fileID: 0}
    - target: {fileID: 4829203749293192454, guid: d04ff62e450685343996ddf1d4910539,
        type: 3}
      propertyPath: m_LocalPosition.y
      value: 0
      objectReference: {fileID: 0}
    - target: {fileID: 4829203749293192454, guid: d04ff62e450685343996ddf1d4910539,
        type: 3}
      propertyPath: m_LocalPosition.z
      value: 0
      objectReference: {fileID: 0}
    - target: {fileID: 4829203749293192454, guid: d04ff62e450685343996ddf1d4910539,
        type: 3}
      propertyPath: m_LocalRotation.w
      value: 1
      objectReference: {fileID: 0}
    - target: {fileID: 4829203749293192454, guid: d04ff62e450685343996ddf1d4910539,
        type: 3}
      propertyPath: m_LocalRotation.x
      value: 0
      objectReference: {fileID: 0}
    - target: {fileID: 4829203749293192454, guid: d04ff62e450685343996ddf1d4910539,
        type: 3}
      propertyPath: m_LocalRotation.y
      value: 0
      objectReference: {fileID: 0}
    - target: {fileID: 4829203749293192454, guid: d04ff62e450685343996ddf1d4910539,
        type: 3}
      propertyPath: m_LocalRotation.z
      value: 0
      objectReference: {fileID: 0}
    - target: {fileID: 4829203749293192454, guid: d04ff62e450685343996ddf1d4910539,
        type: 3}
      propertyPath: m_AnchoredPosition.x
      value: 7
      objectReference: {fileID: 0}
    - target: {fileID: 4829203749293192454, guid: d04ff62e450685343996ddf1d4910539,
        type: 3}
      propertyPath: m_AnchoredPosition.y
      value: -660
      objectReference: {fileID: 0}
    - target: {fileID: 4829203749293192454, guid: d04ff62e450685343996ddf1d4910539,
        type: 3}
      propertyPath: m_LocalEulerAnglesHint.x
      value: 0
      objectReference: {fileID: 0}
    - target: {fileID: 4829203749293192454, guid: d04ff62e450685343996ddf1d4910539,
        type: 3}
      propertyPath: m_LocalEulerAnglesHint.y
      value: 0
      objectReference: {fileID: 0}
    - target: {fileID: 4829203749293192454, guid: d04ff62e450685343996ddf1d4910539,
        type: 3}
      propertyPath: m_LocalEulerAnglesHint.z
      value: 0
      objectReference: {fileID: 0}
    - target: {fileID: 4829203749293192455, guid: d04ff62e450685343996ddf1d4910539,
        type: 3}
      propertyPath: m_Name
      value: Btn_Continue
      objectReference: {fileID: 0}
    m_RemovedComponents: []
  m_SourcePrefab: {fileID: 100100000, guid: d04ff62e450685343996ddf1d4910539, type: 3}
--- !u!224 &8677106426972571019 stripped
RectTransform:
  m_CorrespondingSourceObject: {fileID: 4829203749293192454, guid: d04ff62e450685343996ddf1d4910539,
    type: 3}
  m_PrefabInstance: {fileID: 4282784068177719437}
  m_PrefabAsset: {fileID: 0}
--- !u!114 &8677106426972571016 stripped
MonoBehaviour:
  m_CorrespondingSourceObject: {fileID: 4829203749293192453, guid: d04ff62e450685343996ddf1d4910539,
    type: 3}
  m_PrefabInstance: {fileID: 4282784068177719437}
  m_PrefabAsset: {fileID: 0}
  m_GameObject: {fileID: 0}
  m_Enabled: 1
  m_EditorHideFlags: 0
  m_Script: {fileID: 11500000, guid: 4e29b1a8efbd4b44bb3f3716e73f07ff, type: 3}
  m_Name: 
  m_EditorClassIdentifier: 
