%YAML 1.1
%TAG !u! tag:unity3d.com,2011:
--- !u!1 &142650330074873868
GameObject:
  m_ObjectHideFlags: 0
  m_CorrespondingSourceObject: {fileID: 0}
  m_PrefabInstance: {fileID: 0}
  m_PrefabAsset: {fileID: 0}
  serializedVersion: 6
  m_Component:
  - component: {fileID: 7069985595352983401}
  - component: {fileID: 5021205040241371191}
  - component: {fileID: 510928331647309415}
  m_Layer: 0
  m_Name: Car_2
  m_TagString: Untagged
  m_Icon: {fileID: 0}
  m_NavMeshLayer: 0
  m_StaticEditorFlags: 0
  m_IsActive: 1
--- !u!4 &7069985595352983401
Transform:
  m_ObjectHideFlags: 0
  m_CorrespondingSourceObject: {fileID: 0}
  m_PrefabInstance: {fileID: 0}
  m_PrefabAsset: {fileID: 0}
  m_GameObject: {fileID: 142650330074873868}
  m_LocalRotation: {x: -0, y: -0, z: -0, w: 1}
  m_LocalPosition: {x: 0, y: 0, z: 0}
  m_LocalScale: {x: 1, y: 1, z: 1}
  m_Children:
  - {fileID: 3893074616088218360}
  m_Father: {fileID: 0}
  m_RootOrder: 0
  m_LocalEulerAnglesHint: {x: 0, y: 0, z: 0}
--- !u!114 &5021205040241371191
MonoBehaviour:
  m_ObjectHideFlags: 0
  m_CorrespondingSourceObject: {fileID: 0}
  m_PrefabInstance: {fileID: 0}
  m_PrefabAsset: {fileID: 0}
  m_GameObject: {fileID: 142650330074873868}
  m_Enabled: 1
  m_EditorHideFlags: 0
  m_Script: {fileID: 11500000, guid: c89afa4ac50c8d84ab41a4727020ad74, type: 3}
  m_Name: 
  m_EditorClassIdentifier: 
  car: {fileID: 142650330074873868}
--- !u!65 &510928331647309415
BoxCollider:
  m_ObjectHideFlags: 0
  m_CorrespondingSourceObject: {fileID: 0}
  m_PrefabInstance: {fileID: 0}
  m_PrefabAsset: {fileID: 0}
  m_GameObject: {fileID: 142650330074873868}
  m_Material: {fileID: 0}
  m_IsTrigger: 1
  m_Enabled: 1
  serializedVersion: 2
  m_Size: {x: 0.9, y: 0.7, z: 2.2}
  m_Center: {x: 0, y: 0.35, z: 0}
--- !u!1001 &3897786144697691562
PrefabInstance:
  m_ObjectHideFlags: 0
  serializedVersion: 2
  m_Modification:
    m_TransformParent: {fileID: 7069985595352983401}
    m_Modifications:
    - target: {fileID: 1646981259178978, guid: 0ae65270c30153049ab49eb3ebf070d6, type: 3}
      propertyPath: m_Name
      value: Car_1
      objectReference: {fileID: 0}
    - target: {fileID: 4870167790249810, guid: 0ae65270c30153049ab49eb3ebf070d6, type: 3}
      propertyPath: m_RootOrder
      value: 0
      objectReference: {fileID: 0}
    - target: {fileID: 4870167790249810, guid: 0ae65270c30153049ab49eb3ebf070d6, type: 3}
      propertyPath: m_LocalPosition.x
      value: 0
      objectReference: {fileID: 0}
    - target: {fileID: 4870167790249810, guid: 0ae65270c30153049ab49eb3ebf070d6, type: 3}
      propertyPath: m_LocalPosition.y
      value: 0
      objectReference: {fileID: 0}
    - target: {fileID: 4870167790249810, guid: 0ae65270c30153049ab49eb3ebf070d6, type: 3}
      propertyPath: m_LocalPosition.z
      value: 0
      objectReference: {fileID: 0}
    - target: {fileID: 4870167790249810, guid: 0ae65270c30153049ab49eb3ebf070d6, type: 3}
      propertyPath: m_LocalRotation.w
      value: 1
      objectReference: {fileID: 0}
    - target: {fileID: 4870167790249810, guid: 0ae65270c30153049ab49eb3ebf070d6, type: 3}
      propertyPath: m_LocalRotation.x
      value: 0
      objectReference: {fileID: 0}
    - target: {fileID: 4870167790249810, guid: 0ae65270c30153049ab49eb3ebf070d6, type: 3}
      propertyPath: m_LocalRotation.y
      value: 0
      objectReference: {fileID: 0}
    - target: {fileID: 4870167790249810, guid: 0ae65270c30153049ab49eb3ebf070d6, type: 3}
      propertyPath: m_LocalRotation.z
      value: 0
      objectReference: {fileID: 0}
    - target: {fileID: 4870167790249810, guid: 0ae65270c30153049ab49eb3ebf070d6, type: 3}
      propertyPath: m_LocalEulerAnglesHint.x
      value: 0
      objectReference: {fileID: 0}
    - target: {fileID: 4870167790249810, guid: 0ae65270c30153049ab49eb3ebf070d6, type: 3}
      propertyPath: m_LocalEulerAnglesHint.y
      value: 0
      objectReference: {fileID: 0}
    - target: {fileID: 4870167790249810, guid: 0ae65270c30153049ab49eb3ebf070d6, type: 3}
      propertyPath: m_LocalEulerAnglesHint.z
      value: 0
      objectReference: {fileID: 0}
    m_RemovedComponents: []
  m_SourcePrefab: {fileID: 100100000, guid: 0ae65270c30153049ab49eb3ebf070d6, type: 3}
--- !u!4 &3893074616088218360 stripped
Transform:
  m_CorrespondingSourceObject: {fileID: 4870167790249810, guid: 0ae65270c30153049ab49eb3ebf070d6,
    type: 3}
  m_PrefabInstance: {fileID: 3897786144697691562}
  m_PrefabAsset: {fileID: 0}
