%YAML 1.1
%TAG !u! tag:unity3d.com,2011:
--- !u!1 &7641718113129957349
GameObject:
  m_ObjectHideFlags: 0
  m_CorrespondingSourceObject: {fileID: 0}
  m_PrefabInstance: {fileID: 0}
  m_PrefabAsset: {fileID: 0}
  serializedVersion: 6
  m_Component:
  - component: {fileID: 714875977743179904}
  - component: {fileID: 3339695082357911518}
  - component: {fileID: 7845608129343934862}
  m_Layer: 0
  m_Name: Car_1
  m_TagString: Untagged
  m_Icon: {fileID: 0}
  m_NavMeshLayer: 0
  m_StaticEditorFlags: 0
  m_IsActive: 1
--- !u!4 &714875977743179904
Transform:
  m_ObjectHideFlags: 0
  m_CorrespondingSourceObject: {fileID: 0}
  m_PrefabInstance: {fileID: 0}
  m_PrefabAsset: {fileID: 0}
  m_GameObject: {fileID: 7641718113129957349}
  m_LocalRotation: {x: -0, y: -0, z: -0, w: 1}
  m_LocalPosition: {x: 0, y: 0, z: 0}
  m_LocalScale: {x: 1, y: 1, z: 1}
  m_Children:
  - {fileID: 4834420308599584716}
  m_Father: {fileID: 0}
  m_RootOrder: 0
  m_LocalEulerAnglesHint: {x: 0, y: 0, z: 0}
--- !u!114 &3339695082357911518
MonoBehaviour:
  m_ObjectHideFlags: 0
  m_CorrespondingSourceObject: {fileID: 0}
  m_PrefabInstance: {fileID: 0}
  m_PrefabAsset: {fileID: 0}
  m_GameObject: {fileID: 7641718113129957349}
  m_Enabled: 1
  m_EditorHideFlags: 0
  m_Script: {fileID: 11500000, guid: c89afa4ac50c8d84ab41a4727020ad74, type: 3}
  m_Name: 
  m_EditorClassIdentifier: 
  car: {fileID: 7641718113129957349}
--- !u!65 &7845608129343934862
BoxCollider:
  m_ObjectHideFlags: 0
  m_CorrespondingSourceObject: {fileID: 0}
  m_PrefabInstance: {fileID: 0}
  m_PrefabAsset: {fileID: 0}
  m_GameObject: {fileID: 7641718113129957349}
  m_Material: {fileID: 0}
  m_IsTrigger: 1
  m_Enabled: 1
  serializedVersion: 2
  m_Size: {x: 0.9, y: 1.2, z: 4}
  m_Center: {x: 0, y: 0.6, z: 0}
--- !u!1001 &4834676056125081276
PrefabInstance:
  m_ObjectHideFlags: 0
  serializedVersion: 2
  m_Modification:
    m_TransformParent: {fileID: 714875977743179904}
    m_Modifications:
    - target: {fileID: 1959030373088092, guid: fc4245223e4122142bb14239d44230ef, type: 3}
      propertyPath: m_Name
      value: Bus_1
      objectReference: {fileID: 0}
    - target: {fileID: 4353972167979376, guid: fc4245223e4122142bb14239d44230ef, type: 3}
      propertyPath: m_RootOrder
      value: 0
      objectReference: {fileID: 0}
    - target: {fileID: 4353972167979376, guid: fc4245223e4122142bb14239d44230ef, type: 3}
      propertyPath: m_LocalPosition.x
      value: 0
      objectReference: {fileID: 0}
    - target: {fileID: 4353972167979376, guid: fc4245223e4122142bb14239d44230ef, type: 3}
      propertyPath: m_LocalPosition.y
      value: 0
      objectReference: {fileID: 0}
    - target: {fileID: 4353972167979376, guid: fc4245223e4122142bb14239d44230ef, type: 3}
      propertyPath: m_LocalPosition.z
      value: 0
      objectReference: {fileID: 0}
    - target: {fileID: 4353972167979376, guid: fc4245223e4122142bb14239d44230ef, type: 3}
      propertyPath: m_LocalRotation.w
      value: 1
      objectReference: {fileID: 0}
    - target: {fileID: 4353972167979376, guid: fc4245223e4122142bb14239d44230ef, type: 3}
      propertyPath: m_LocalRotation.x
      value: 0
      objectReference: {fileID: 0}
    - target: {fileID: 4353972167979376, guid: fc4245223e4122142bb14239d44230ef, type: 3}
      propertyPath: m_LocalRotation.y
      value: 0
      objectReference: {fileID: 0}
    - target: {fileID: 4353972167979376, guid: fc4245223e4122142bb14239d44230ef, type: 3}
      propertyPath: m_LocalRotation.z
      value: 0
      objectReference: {fileID: 0}
    - target: {fileID: 4353972167979376, guid: fc4245223e4122142bb14239d44230ef, type: 3}
      propertyPath: m_LocalEulerAnglesHint.x
      value: 0
      objectReference: {fileID: 0}
    - target: {fileID: 4353972167979376, guid: fc4245223e4122142bb14239d44230ef, type: 3}
      propertyPath: m_LocalEulerAnglesHint.y
      value: 0
      objectReference: {fileID: 0}
    - target: {fileID: 4353972167979376, guid: fc4245223e4122142bb14239d44230ef, type: 3}
      propertyPath: m_LocalEulerAnglesHint.z
      value: 0
      objectReference: {fileID: 0}
    m_RemovedComponents: []
  m_SourcePrefab: {fileID: 100100000, guid: fc4245223e4122142bb14239d44230ef, type: 3}
--- !u!4 &4834420308599584716 stripped
Transform:
  m_CorrespondingSourceObject: {fileID: 4353972167979376, guid: fc4245223e4122142bb14239d44230ef,
    type: 3}
  m_PrefabInstance: {fileID: 4834676056125081276}
  m_PrefabAsset: {fileID: 0}
