%YAML 1.1
%TAG !u! tag:unity3d.com,2011:
--- !u!1 &4282784067711755731
GameObject:
  m_ObjectHideFlags: 0
  m_CorrespondingSourceObject: {fileID: 0}
  m_PrefabInstance: {fileID: 0}
  m_PrefabAsset: {fileID: 0}
  serializedVersion: 6
  m_Component:
  - component: {fileID: 4282784067711755730}
  - component: {fileID: 2546999531651710468}
  m_Layer: 5
  m_Name: GuiShop
  m_TagString: Untagged
  m_Icon: {fileID: 0}
  m_NavMeshLayer: 0
  m_StaticEditorFlags: 0
  m_IsActive: 1
--- !u!224 &4282784067711755730
RectTransform:
  m_ObjectHideFlags: 0
  m_CorrespondingSourceObject: {fileID: 0}
  m_PrefabInstance: {fileID: 0}
  m_PrefabAsset: {fileID: 0}
  m_GameObject: {fileID: 4282784067711755731}
  m_LocalRotation: {x: 0, y: 0, z: 0, w: 1}
  m_LocalPosition: {x: 0, y: 0, z: 0}
  m_LocalScale: {x: 1, y: 1, z: 1}
  m_Children:
  - {fileID: 8601087480721926427}
  - {fileID: 4282784068637431463}
  - {fileID: 8677106426972571019}
  - {fileID: 1141815346338007561}
  m_Father: {fileID: 0}
  m_RootOrder: 0
  m_LocalEulerAnglesHint: {x: 0, y: 0, z: 0}
  m_AnchorMin: {x: 0, y: 0}
  m_AnchorMax: {x: 1, y: 1}
  m_AnchoredPosition: {x: 0, y: 0}
  m_SizeDelta: {x: -1892, y: -1820}
  m_Pivot: {x: 0.5, y: 0.5}
--- !u!114 &2546999531651710468
MonoBehaviour:
  m_ObjectHideFlags: 0
  m_CorrespondingSourceObject: {fileID: 0}
  m_PrefabInstance: {fileID: 0}
  m_PrefabAsset: {fileID: 0}
  m_GameObject: {fileID: 4282784067711755731}
  m_Enabled: 1
  m_EditorHideFlags: 0
  m_Script: {fileID: 11500000, guid: ac10cfc0d21a28747bc5a68501985b70, type: 3}
  m_Name: 
  m_EditorClassIdentifier: 
  tableContent: {fileID: 6399202767453394343}
  cellShopPrefab: {fileID: -7083904517514904348, guid: a31c94d4077795d44ac5fd290132f3f4,
    type: 3}
--- !u!1 &5935043007950878782
GameObject:
  m_ObjectHideFlags: 0
  m_CorrespondingSourceObject: {fileID: 0}
  m_PrefabInstance: {fileID: 0}
  m_PrefabAsset: {fileID: 0}
  serializedVersion: 6
  m_Component:
  - component: {fileID: 1141815346338007561}
  - component: {fileID: 4279435914772074768}
  - component: {fileID: 5206964812467032235}
  - component: {fileID: 7072909316581546376}
  m_Layer: 5
  m_Name: Scroll View
  m_TagString: Untagged
  m_Icon: {fileID: 0}
  m_NavMeshLayer: 0
  m_StaticEditorFlags: 0
  m_IsActive: 1
--- !u!224 &1141815346338007561
RectTransform:
  m_ObjectHideFlags: 0
  m_CorrespondingSourceObject: {fileID: 0}
  m_PrefabInstance: {fileID: 0}
  m_PrefabAsset: {fileID: 0}
  m_GameObject: {fileID: 5935043007950878782}
  m_LocalRotation: {x: 0, y: 0, z: 0, w: 1}
  m_LocalPosition: {x: 0, y: 0, z: 0}
  m_LocalScale: {x: 1, y: 1, z: 1}
  m_Children:
  - {fileID: 7256767654861736508}
  m_Father: {fileID: 4282784067711755730}
  m_RootOrder: 3
  m_LocalEulerAnglesHint: {x: 0, y: 0, z: 0}
  m_AnchorMin: {x: 0.5, y: 0.5}
  m_AnchorMax: {x: 0.5, y: 0.5}
  m_AnchoredPosition: {x: 2.2, y: -13.1}
  m_SizeDelta: {x: 960.71655, y: 1260.6562}
  m_Pivot: {x: 0.5, y: 0.5}
--- !u!222 &4279435914772074768
CanvasRenderer:
  m_ObjectHideFlags: 0
  m_CorrespondingSourceObject: {fileID: 0}
  m_PrefabInstance: {fileID: 0}
  m_PrefabAsset: {fileID: 0}
  m_GameObject: {fileID: 5935043007950878782}
  m_CullTransparentMesh: 0
--- !u!114 &5206964812467032235
MonoBehaviour:
  m_ObjectHideFlags: 0
  m_CorrespondingSourceObject: {fileID: 0}
  m_PrefabInstance: {fileID: 0}
  m_PrefabAsset: {fileID: 0}
  m_GameObject: {fileID: 5935043007950878782}
  m_Enabled: 1
  m_EditorHideFlags: 0
  m_Script: {fileID: 11500000, guid: fe87c0e1cc204ed48ad3b37840f39efc, type: 3}
  m_Name: 
  m_EditorClassIdentifier: 
  m_Material: {fileID: 0}
  m_Color: {r: 1, g: 1, b: 1, a: 0.392}
  m_RaycastTarget: 1
  m_Maskable: 1
  m_OnCullStateChanged:
    m_PersistentCalls:
      m_Calls: []
  m_Sprite: {fileID: 10907, guid: 0000000000000000f000000000000000, type: 0}
  m_Type: 1
  m_PreserveAspect: 0
  m_FillCenter: 1
  m_FillMethod: 4
  m_FillAmount: 1
  m_FillClockwise: 1
  m_FillOrigin: 0
  m_UseSpriteMesh: 0
  m_PixelsPerUnitMultiplier: 1
--- !u!114 &7072909316581546376
MonoBehaviour:
  m_ObjectHideFlags: 0
  m_CorrespondingSourceObject: {fileID: 0}
  m_PrefabInstance: {fileID: 0}
  m_PrefabAsset: {fileID: 0}
  m_GameObject: {fileID: 5935043007950878782}
  m_Enabled: 1
  m_EditorHideFlags: 0
  m_Script: {fileID: 11500000, guid: 1aa08ab6e0800fa44ae55d278d1423e3, type: 3}
  m_Name: 
  m_EditorClassIdentifier: 
  m_Content: {fileID: 7042989549670435134}
  m_Horizontal: 0
  m_Vertical: 1
  m_MovementType: 1
  m_Elasticity: 0.1
  m_Inertia: 1
  m_DecelerationRate: 0.135
  m_ScrollSensitivity: 1
  m_Viewport: {fileID: 7256767654861736508}
  m_HorizontalScrollbar: {fileID: 0}
  m_VerticalScrollbar: {fileID: 0}
  m_HorizontalScrollbarVisibility: 2
  m_VerticalScrollbarVisibility: 2
  m_HorizontalScrollbarSpacing: -3
  m_VerticalScrollbarSpacing: -3
  m_OnValueChanged:
    m_PersistentCalls:
      m_Calls: []
--- !u!1 &6399202767453394343
GameObject:
  m_ObjectHideFlags: 0
  m_CorrespondingSourceObject: {fileID: 0}
  m_PrefabInstance: {fileID: 0}
  m_PrefabAsset: {fileID: 0}
  serializedVersion: 6
  m_Component:
  - component: {fileID: 7042989549670435134}
  - component: {fileID: 3805292854311963171}
  - component: {fileID: 4969721765905769681}
  m_Layer: 5
  m_Name: Content
  m_TagString: Untagged
  m_Icon: {fileID: 0}
  m_NavMeshLayer: 0
  m_StaticEditorFlags: 0
  m_IsActive: 1
--- !u!224 &7042989549670435134
RectTransform:
  m_ObjectHideFlags: 0
  m_CorrespondingSourceObject: {fileID: 0}
  m_PrefabInstance: {fileID: 0}
  m_PrefabAsset: {fileID: 0}
  m_GameObject: {fileID: 6399202767453394343}
  m_LocalRotation: {x: -0, y: -0, z: -0, w: 1}
  m_LocalPosition: {x: 0, y: 0, z: 0}
  m_LocalScale: {x: 1, y: 1, z: 1}
  m_Children: []
  m_Father: {fileID: 7256767654861736508}
  m_RootOrder: 0
  m_LocalEulerAnglesHint: {x: 0, y: 0, z: 0}
  m_AnchorMin: {x: 0, y: 1}
  m_AnchorMax: {x: 1, y: 1}
  m_AnchoredPosition: {x: 16, y: 0}
  m_SizeDelta: {x: -44.716553, y: 0}
  m_Pivot: {x: 0, y: 1}
--- !u!114 &3805292854311963171
MonoBehaviour:
  m_ObjectHideFlags: 0
  m_CorrespondingSourceObject: {fileID: 0}
  m_PrefabInstance: {fileID: 0}
  m_PrefabAsset: {fileID: 0}
  m_GameObject: {fileID: 6399202767453394343}
  m_Enabled: 1
  m_EditorHideFlags: 0
  m_Script: {fileID: 11500000, guid: 3245ec927659c4140ac4f8d17403cc18, type: 3}
  m_Name: 
  m_EditorClassIdentifier: 
  m_HorizontalFit: 0
  m_VerticalFit: 2
--- !u!114 &4969721765905769681
MonoBehaviour:
  m_ObjectHideFlags: 0
  m_CorrespondingSourceObject: {fileID: 0}
  m_PrefabInstance: {fileID: 0}
  m_PrefabAsset: {fileID: 0}
  m_GameObject: {fileID: 6399202767453394343}
  m_Enabled: 1
  m_EditorHideFlags: 0
  m_Script: {fileID: 11500000, guid: 8a8695521f0d02e499659fee002a26c2, type: 3}
  m_Name: 
  m_EditorClassIdentifier: 
  m_Padding:
    m_Left: 0
    m_Right: 0
    m_Top: 0
    m_Bottom: 0
  m_ChildAlignment: 0
  m_StartCorner: 0
  m_StartAxis: 0
  m_CellSize: {x: 300, y: 500}
  m_Spacing: {x: 16, y: 16}
  m_Constraint: 1
  m_ConstraintCount: 3
--- !u!1 &6622476906004096678
GameObject:
  m_ObjectHideFlags: 0
  m_CorrespondingSourceObject: {fileID: 0}
  m_PrefabInstance: {fileID: 0}
  m_PrefabAsset: {fileID: 0}
  serializedVersion: 6
  m_Component:
  - component: {fileID: 8601087480721926427}
  - component: {fileID: 2873886447784928563}
  - component: {fileID: 8349582650910124031}
  m_Layer: 5
  m_Name: Image
  m_TagString: Untagged
  m_Icon: {fileID: 0}
  m_NavMeshLayer: 0
  m_StaticEditorFlags: 0
  m_IsActive: 1
--- !u!224 &8601087480721926427
RectTransform:
  m_ObjectHideFlags: 0
  m_CorrespondingSourceObject: {fileID: 0}
  m_PrefabInstance: {fileID: 0}
  m_PrefabAsset: {fileID: 0}
  m_GameObject: {fileID: 6622476906004096678}
  m_LocalRotation: {x: 0, y: 0, z: 0, w: 1}
  m_LocalPosition: {x: 0, y: 0, z: 0}
  m_LocalScale: {x: 1, y: 1, z: 1}
  m_Children: []
  m_Father: {fileID: 4282784067711755730}
  m_RootOrder: 0
  m_LocalEulerAnglesHint: {x: 0, y: 0, z: 0}
  m_AnchorMin: {x: 0, y: 0}
  m_AnchorMax: {x: 1, y: 1}
  m_AnchoredPosition: {x: 0, y: 1}
  m_SizeDelta: {x: 1892, y: 1826.7908}
  m_Pivot: {x: 0.5, y: 0.5}
--- !u!222 &2873886447784928563
CanvasRenderer:
  m_ObjectHideFlags: 0
  m_CorrespondingSourceObject: {fileID: 0}
  m_PrefabInstance: {fileID: 0}
  m_PrefabAsset: {fileID: 0}
  m_GameObject: {fileID: 6622476906004096678}
  m_CullTransparentMesh: 0
--- !u!114 &8349582650910124031
MonoBehaviour:
  m_ObjectHideFlags: 0
  m_CorrespondingSourceObject: {fileID: 0}
  m_PrefabInstance: {fileID: 0}
  m_PrefabAsset: {fileID: 0}
  m_GameObject: {fileID: 6622476906004096678}
  m_Enabled: 1
  m_EditorHideFlags: 0
  m_Script: {fileID: 11500000, guid: fe87c0e1cc204ed48ad3b37840f39efc, type: 3}
  m_Name: 
  m_EditorClassIdentifier: 
  m_Material: {fileID: 0}
  m_Color: {r: 0.4036095, g: 0.20389818, b: 0.5471698, a: 1}
  m_RaycastTarget: 1
  m_Maskable: 1
  m_OnCullStateChanged:
    m_PersistentCalls:
      m_Calls: []
  m_Sprite: {fileID: 0}
  m_Type: 0
  m_PreserveAspect: 0
  m_FillCenter: 1
  m_FillMethod: 4
  m_FillAmount: 1
  m_FillClockwise: 1
  m_FillOrigin: 0
  m_UseSpriteMesh: 0
  m_PixelsPerUnitMultiplier: 1
--- !u!1 &8191980747650981504
GameObject:
  m_ObjectHideFlags: 0
  m_CorrespondingSourceObject: {fileID: 0}
  m_PrefabInstance: {fileID: 0}
  m_PrefabAsset: {fileID: 0}
  serializedVersion: 6
  m_Component:
  - component: {fileID: 7256767654861736508}
  - component: {fileID: 7110290921171183200}
  - component: {fileID: 8345758306334816090}
  - component: {fileID: 4210171796324371770}
  m_Layer: 5
  m_Name: Viewport
  m_TagString: Untagged
  m_Icon: {fileID: 0}
  m_NavMeshLayer: 0
  m_StaticEditorFlags: 0
  m_IsActive: 1
--- !u!224 &7256767654861736508
RectTransform:
  m_ObjectHideFlags: 0
  m_CorrespondingSourceObject: {fileID: 0}
  m_PrefabInstance: {fileID: 0}
  m_PrefabAsset: {fileID: 0}
  m_GameObject: {fileID: 8191980747650981504}
  m_LocalRotation: {x: -0, y: -0, z: -0, w: 1}
  m_LocalPosition: {x: 0, y: 0, z: 0}
  m_LocalScale: {x: 1, y: 1, z: 1}
  m_Children:
  - {fileID: 7042989549670435134}
  m_Father: {fileID: 1141815346338007561}
  m_RootOrder: 0
  m_LocalEulerAnglesHint: {x: 0, y: 0, z: 0}
  m_AnchorMin: {x: 0, y: 0}
  m_AnchorMax: {x: 1, y: 1}
  m_AnchoredPosition: {x: 0, y: 0}
  m_SizeDelta: {x: 0, y: 0}
  m_Pivot: {x: 0, y: 1}
--- !u!222 &7110290921171183200
CanvasRenderer:
  m_ObjectHideFlags: 0
  m_CorrespondingSourceObject: {fileID: 0}
  m_PrefabInstance: {fileID: 0}
  m_PrefabAsset: {fileID: 0}
  m_GameObject: {fileID: 8191980747650981504}
  m_CullTransparentMesh: 0
--- !u!114 &8345758306334816090
MonoBehaviour:
  m_ObjectHideFlags: 0
  m_CorrespondingSourceObject: {fileID: 0}
  m_PrefabInstance: {fileID: 0}
  m_PrefabAsset: {fileID: 0}
  m_GameObject: {fileID: 8191980747650981504}
  m_Enabled: 1
  m_EditorHideFlags: 0
  m_Script: {fileID: 11500000, guid: fe87c0e1cc204ed48ad3b37840f39efc, type: 3}
  m_Name: 
  m_EditorClassIdentifier: 
  m_Material: {fileID: 0}
  m_Color: {r: 1, g: 1, b: 1, a: 1}
  m_RaycastTarget: 1
  m_Maskable: 1
  m_OnCullStateChanged:
    m_PersistentCalls:
      m_Calls: []
  m_Sprite: {fileID: 10917, guid: 0000000000000000f000000000000000, type: 0}
  m_Type: 1
  m_PreserveAspect: 0
  m_FillCenter: 1
  m_FillMethod: 4
  m_FillAmount: 1
  m_FillClockwise: 1
  m_FillOrigin: 0
  m_UseSpriteMesh: 0
  m_PixelsPerUnitMultiplier: 1
--- !u!114 &4210171796324371770
MonoBehaviour:
  m_ObjectHideFlags: 0
  m_CorrespondingSourceObject: {fileID: 0}
  m_PrefabInstance: {fileID: 0}
  m_PrefabAsset: {fileID: 0}
  m_GameObject: {fileID: 8191980747650981504}
  m_Enabled: 1
  m_EditorHideFlags: 0
  m_Script: {fileID: 11500000, guid: 31a19414c41e5ae4aae2af33fee712f6, type: 3}
  m_Name: 
  m_EditorClassIdentifier: 
  m_ShowMaskGraphic: 0
--- !u!1001 &838175975890205138
PrefabInstance:
  m_ObjectHideFlags: 0
  serializedVersion: 2
  m_Modification:
    m_TransformParent: {fileID: 4282784067711755730}
    m_Modifications:
    - target: {fileID: 3516834054943387508, guid: 344e761b67a20794eba56467ef57c887,
        type: 3}
      propertyPath: m_Text
      value: Change your outfit
      objectReference: {fileID: 0}
    - target: {fileID: 3516834054943387508, guid: 344e761b67a20794eba56467ef57c887,
        type: 3}
      propertyPath: m_FontData.m_FontSize
      value: 72
      objectReference: {fileID: 0}
    - target: {fileID: 3516834054943387509, guid: 344e761b67a20794eba56467ef57c887,
        type: 3}
      propertyPath: m_Pivot.x
      value: 0.5
      objectReference: {fileID: 0}
    - target: {fileID: 3516834054943387509, guid: 344e761b67a20794eba56467ef57c887,
        type: 3}
      propertyPath: m_Pivot.y
      value: 0.5
      objectReference: {fileID: 0}
    - target: {fileID: 3516834054943387509, guid: 344e761b67a20794eba56467ef57c887,
        type: 3}
      propertyPath: m_RootOrder
      value: 1
      objectReference: {fileID: 0}
    - target: {fileID: 3516834054943387509, guid: 344e761b67a20794eba56467ef57c887,
        type: 3}
      propertyPath: m_AnchorMax.x
      value: 0.5
      objectReference: {fileID: 0}
    - target: {fileID: 3516834054943387509, guid: 344e761b67a20794eba56467ef57c887,
        type: 3}
      propertyPath: m_AnchorMax.y
      value: 0.5
      objectReference: {fileID: 0}
    - target: {fileID: 3516834054943387509, guid: 344e761b67a20794eba56467ef57c887,
        type: 3}
      propertyPath: m_AnchorMin.x
      value: 0.5
      objectReference: {fileID: 0}
    - target: {fileID: 3516834054943387509, guid: 344e761b67a20794eba56467ef57c887,
        type: 3}
      propertyPath: m_AnchorMin.y
      value: 0.5
      objectReference: {fileID: 0}
    - target: {fileID: 3516834054943387509, guid: 344e761b67a20794eba56467ef57c887,
        type: 3}
      propertyPath: m_SizeDelta.x
      value: 960.7174
      objectReference: {fileID: 0}
    - target: {fileID: 3516834054943387509, guid: 344e761b67a20794eba56467ef57c887,
        type: 3}
      propertyPath: m_SizeDelta.y
      value: 129.7627
      objectReference: {fileID: 0}
    - target: {fileID: 3516834054943387509, guid: 344e761b67a20794eba56467ef57c887,
        type: 3}
      propertyPath: m_LocalPosition.x
      value: 0
      objectReference: {fileID: 0}
    - target: {fileID: 3516834054943387509, guid: 344e761b67a20794eba56467ef57c887,
        type: 3}
      propertyPath: m_LocalPosition.y
      value: 0
      objectReference: {fileID: 0}
    - target: {fileID: 3516834054943387509, guid: 344e761b67a20794eba56467ef57c887,
        type: 3}
      propertyPath: m_LocalPosition.z
      value: 0
      objectReference: {fileID: 0}
    - target: {fileID: 3516834054943387509, guid: 344e761b67a20794eba56467ef57c887,
        type: 3}
      propertyPath: m_LocalRotation.w
      value: 1
      objectReference: {fileID: 0}
    - target: {fileID: 3516834054943387509, guid: 344e761b67a20794eba56467ef57c887,
        type: 3}
      propertyPath: m_LocalRotation.x
      value: 0
      objectReference: {fileID: 0}
    - target: {fileID: 3516834054943387509, guid: 344e761b67a20794eba56467ef57c887,
        type: 3}
      propertyPath: m_LocalRotation.y
      value: 0
      objectReference: {fileID: 0}
    - target: {fileID: 3516834054943387509, guid: 344e761b67a20794eba56467ef57c887,
        type: 3}
      propertyPath: m_LocalRotation.z
      value: 0
      objectReference: {fileID: 0}
    - target: {fileID: 3516834054943387509, guid: 344e761b67a20794eba56467ef57c887,
        type: 3}
      propertyPath: m_AnchoredPosition.x
      value: 2.1996
      objectReference: {fileID: 0}
    - target: {fileID: 3516834054943387509, guid: 344e761b67a20794eba56467ef57c887,
        type: 3}
      propertyPath: m_AnchoredPosition.y
      value: 705.1
      objectReference: {fileID: 0}
    - target: {fileID: 3516834054943387509, guid: 344e761b67a20794eba56467ef57c887,
        type: 3}
      propertyPath: m_LocalEulerAnglesHint.x
      value: 0
      objectReference: {fileID: 0}
    - target: {fileID: 3516834054943387509, guid: 344e761b67a20794eba56467ef57c887,
        type: 3}
      propertyPath: m_LocalEulerAnglesHint.y
      value: 0
      objectReference: {fileID: 0}
    - target: {fileID: 3516834054943387509, guid: 344e761b67a20794eba56467ef57c887,
        type: 3}
      propertyPath: m_LocalEulerAnglesHint.z
      value: 0
      objectReference: {fileID: 0}
    - target: {fileID: 3516834054943387510, guid: 344e761b67a20794eba56467ef57c887,
        type: 3}
      propertyPath: m_Icon
      value: 
      objectReference: {fileID: 0}
    - target: {fileID: 3516834054943387510, guid: 344e761b67a20794eba56467ef57c887,
        type: 3}
      propertyPath: m_Name
      value: Text_Title
      objectReference: {fileID: 0}
    m_RemovedComponents: []
  m_SourcePrefab: {fileID: 100100000, guid: 344e761b67a20794eba56467ef57c887, type: 3}
--- !u!224 &4282784068637431463 stripped
RectTransform:
  m_CorrespondingSourceObject: {fileID: 3516834054943387509, guid: 344e761b67a20794eba56467ef57c887,
    type: 3}
  m_PrefabInstance: {fileID: 838175975890205138}
  m_PrefabAsset: {fileID: 0}
--- !u!1001 &4282784068177719437
PrefabInstance:
  m_ObjectHideFlags: 0
  serializedVersion: 2
  m_Modification:
    m_TransformParent: {fileID: 4282784067711755730}
    m_Modifications:
    - target: {fileID: 4829203748663843718, guid: d04ff62e450685343996ddf1d4910539,
        type: 3}
      propertyPath: m_Text
      value: Back
      objectReference: {fileID: 0}
    - target: {fileID: 4829203749293192453, guid: d04ff62e450685343996ddf1d4910539,
        type: 3}
      propertyPath: m_OnClick.m_PersistentCalls.m_Calls.Array.size
      value: 1
      objectReference: {fileID: 0}
    - target: {fileID: 4829203749293192453, guid: d04ff62e450685343996ddf1d4910539,
        type: 3}
      propertyPath: m_OnClick.m_PersistentCalls.m_Calls.Array.data[0].m_Mode
      value: 1
      objectReference: {fileID: 0}
    - target: {fileID: 4829203749293192453, guid: d04ff62e450685343996ddf1d4910539,
        type: 3}
      propertyPath: m_OnClick.m_PersistentCalls.m_Calls.Array.data[0].m_Target
      value: 
      objectReference: {fileID: 2546999531651710468}
    - target: {fileID: 4829203749293192453, guid: d04ff62e450685343996ddf1d4910539,
        type: 3}
      propertyPath: m_OnClick.m_PersistentCalls.m_Calls.Array.data[0].m_CallState
      value: 2
      objectReference: {fileID: 0}
    - target: {fileID: 4829203749293192453, guid: d04ff62e450685343996ddf1d4910539,
        type: 3}
      propertyPath: m_OnClick.m_PersistentCalls.m_Calls.Array.data[0].m_MethodName
      value: OnClickButtonBack
      objectReference: {fileID: 0}
    - target: {fileID: 4829203749293192453, guid: d04ff62e450685343996ddf1d4910539,
        type: 3}
      propertyPath: m_OnClick.m_PersistentCalls.m_Calls.Array.data[0].m_Arguments.m_ObjectArgumentAssemblyTypeName
      value: UnityEngine.Object, UnityEngine
      objectReference: {fileID: 0}
    - target: {fileID: 4829203749293192454, guid: d04ff62e450685343996ddf1d4910539,
        type: 3}
      propertyPath: m_Pivot.x
      value: 0.5
      objectReference: {fileID: 0}
    - target: {fileID: 4829203749293192454, guid: d04ff62e450685343996ddf1d4910539,
        type: 3}
      propertyPath: m_Pivot.y
      value: 0.5
      objectReference: {fileID: 0}
    - target: {fileID: 4829203749293192454, guid: d04ff62e450685343996ddf1d4910539,
        type: 3}
      propertyPath: m_RootOrder
      value: 2
      objectReference: {fileID: 0}
    - target: {fileID: 4829203749293192454, guid: d04ff62e450685343996ddf1d4910539,
        type: 3}
      propertyPath: m_AnchorMax.x
      value: 0
      objectReference: {fileID: 0}
    - target: {fileID: 4829203749293192454, guid: d04ff62e450685343996ddf1d4910539,
        type: 3}
      propertyPath: m_AnchorMax.y
      value: 1
      objectReference: {fileID: 0}
    - target: {fileID: 4829203749293192454, guid: d04ff62e450685343996ddf1d4910539,
        type: 3}
      propertyPath: m_AnchorMin.x
      value: 0
      objectReference: {fileID: 0}
    - target: {fileID: 4829203749293192454, guid: d04ff62e450685343996ddf1d4910539,
        type: 3}
      propertyPath: m_AnchorMin.y
      value: 1
      objectReference: {fileID: 0}
    - target: {fileID: 4829203749293192454, guid: d04ff62e450685343996ddf1d4910539,
        type: 3}
      propertyPath: m_SizeDelta.x
      value: 232.22357
      objectReference: {fileID: 0}
    - target: {fileID: 4829203749293192454, guid: d04ff62e450685343996ddf1d4910539,
        type: 3}
      propertyPath: m_SizeDelta.y
      value: 145.22449
      objectReference: {fileID: 0}
    - target: {fileID: 4829203749293192454, guid: d04ff62e450685343996ddf1d4910539,
        type: 3}
      propertyPath: m_LocalPosition.x
      value: 0
      objectReference: {fileID: 0}
    - target: {fileID: 4829203749293192454, guid: d04ff62e450685343996ddf1d4910539,
        type: 3}
      propertyPath: m_LocalPosition.y
      value: 0
      objectReference: {fileID: 0}
    - target: {fileID: 4829203749293192454, guid: d04ff62e450685343996ddf1d4910539,
        type: 3}
      propertyPath: m_LocalPosition.z
      value: 0
      objectReference: {fileID: 0}
    - target: {fileID: 4829203749293192454, guid: d04ff62e450685343996ddf1d4910539,
        type: 3}
      propertyPath: m_LocalRotation.w
      value: 1
      objectReference: {fileID: 0}
    - target: {fileID: 4829203749293192454, guid: d04ff62e450685343996ddf1d4910539,
        type: 3}
      propertyPath: m_LocalRotation.x
      value: 0
      objectReference: {fileID: 0}
    - target: {fileID: 4829203749293192454, guid: d04ff62e450685343996ddf1d4910539,
        type: 3}
      propertyPath: m_LocalRotation.y
      value: 0
      objectReference: {fileID: 0}
    - target: {fileID: 4829203749293192454, guid: d04ff62e450685343996ddf1d4910539,
        type: 3}
      propertyPath: m_LocalRotation.z
      value: 0
      objectReference: {fileID: 0}
    - target: {fileID: 4829203749293192454, guid: d04ff62e450685343996ddf1d4910539,
        type: 3}
      propertyPath: m_AnchoredPosition.x
      value: -829.9
      objectReference: {fileID: 0}
    - target: {fileID: 4829203749293192454, guid: d04ff62e450685343996ddf1d4910539,
        type: 3}
      propertyPath: m_AnchoredPosition.y
      value: 841.8
      objectReference: {fileID: 0}
    - target: {fileID: 4829203749293192454, guid: d04ff62e450685343996ddf1d4910539,
        type: 3}
      propertyPath: m_LocalEulerAnglesHint.x
      value: 0
      objectReference: {fileID: 0}
    - target: {fileID: 4829203749293192454, guid: d04ff62e450685343996ddf1d4910539,
        type: 3}
      propertyPath: m_LocalEulerAnglesHint.y
      value: 0
      objectReference: {fileID: 0}
    - target: {fileID: 4829203749293192454, guid: d04ff62e450685343996ddf1d4910539,
        type: 3}
      propertyPath: m_LocalEulerAnglesHint.z
      value: 0
      objectReference: {fileID: 0}
    - target: {fileID: 4829203749293192455, guid: d04ff62e450685343996ddf1d4910539,
        type: 3}
      propertyPath: m_Name
      value: Btn_Shop
      objectReference: {fileID: 0}
    m_RemovedComponents: []
  m_SourcePrefab: {fileID: 100100000, guid: d04ff62e450685343996ddf1d4910539, type: 3}
--- !u!224 &8677106426972571019 stripped
RectTransform:
  m_CorrespondingSourceObject: {fileID: 4829203749293192454, guid: d04ff62e450685343996ddf1d4910539,
    type: 3}
  m_PrefabInstance: {fileID: 4282784068177719437}
  m_PrefabAsset: {fileID: 0}
